1664 2748
469 98 794 143 PRAEFATIO
810 114 823 151 ;
853 100 988 143 COD.
1015 99 1206 145 AGBN.

171 210 396 254 Florentiae
407 211 648 254 Whitehead
659 210 845 254 insistens
858 211 1034 253 Iacobus
1047 213 1097 254 A.
1111 211 1256 265 Peteh,
1266 213 1396 267 uA..
1405 212 1505 259 dim

167 275 210 319 in
228 277 498 320 Vniuersitate
517 276 798 319 Mancuniensi
823 278 976 330 collega
999 290 1127 328 meus,
1146 277 1249 321 inter
1275 277 1508 325 &buthe

170 344 380 385 Romanae
409 344 679 396 exploratores
711 342 818 384 bene
839 351 971 384 notus.
1028 343 1149 386 Plura
1171 344 1228 387 de
1246 344 1330 388 hoc
1344 337 1504 397 ὠᾰίω.

167 409 283 451 cuius
300 417 543 451 correctores
561 417 715 462 praeter
743 421 868 449 unum
887 407 955 462 (D
978 409 1120 461 marg?
1135 410 1286 452 necati
1310 408 1396 464 xiv)
1416 422 1508 457 mo

167 474 384 528 quicquam
405 474 502 516 boni
520 475 736 525 contulere,
758 475 801 516 in
823 475 884 516 CI.
908 474 1121 528 Quarterly
1138 476 1230 519 looo
1246 486 1368 531 supa
1381 474 1509 520 cim

169 554 359 583 inuenies.

198 608 243 659 ’ς
260 609 324 649 68.
354 606 512 649 codex
544 606 852 657 maen-lo,
877 608 919 648 A
948 606 1102 659 (Musei
1141 607 1361 650 Britannici
1388 608 1504 652 Har-L

171 675 303 725 2493),
321 672 399 714 iam
420 674 462 714 in
473 675 609 715 Tomo
627 674 762 715 Primo
781 672 901 715 huius
917 671 1106 715 editionis
1124 673 1184 727 (in
1199 674 1335 722 Praeti,
1347 681 1507 717 nocuae

166 738 187 790 ξ
209 740 277 791 29)
295 747 646 789 commemoratus,
664 752 748 780 non
767 740 900 779 omnis
918 752 1003 780 uno
1024 746 1206 792 tempore
1226 738 1397 793 scriptus
1418 746 1483 782 ent
1493 753 1510 792 3

165 817 259 845 cum
283 806 446 847 Decade
468 804 600 846 Prima
620 806 772 857 (quoad
793 806 894 845 haec
913 804 969 845 ibi
996 804 1240 856 continetur)
1260 803 1370 847 Libri
1388 803 1508 848 XXI·

167 869 296 921 XXV,
318 871 389 923 (et,
408 872 584 924 exceptis
602 870 756 924 aliquot
779 870 1080 923 supplementis,
1102 872 1360 924 insequente·
1376 883 1507 925 mque

165 937 218 978 ad
240 935 348 977 Libri
368 935 486 977 XXX
506 936 647 989 finem)
666 944 710 977 ut
735 936 913 977 iudicant
941 936 1068 989 periti,
1091 937 1255 979 saeculo
1277 935 1347 979 xiii
1370 937 1508 979 medio

165 1003 311 1043 exarati
331 1010 437 1053 sunt,
454 1009 498 1044 et
514 1003 567 1043 ad
595 1002 716 1043 finem
742 1002 922 1043 eiusdem
952 1000 1101 1042 saeculi
1124 1002 1180 1043 ab
1199 1002 1242 1043 A
1252 1001 1270 1026 ¹
1286 1002 1428 1054 (manu
1444 1009 1507 1044 tat

166 1067 294 1108 solida
319 1075 544 1108 atramento
571 1067 686 1108 fusco
712 1067 786 1108 sed
808 1067 1049 1108 anuescente
1073 1065 1401 1122 egrey-brown’)
1417 1066 1507 1113 tine

166 1133 326 1183 rasuris)
346 1133 523 1174 correcti.

220 1200 281 1251 (a)
313 1200 436 1240 Hunc
448 1206 712 1240 correctorem
727 1198 785 1240 A·
795 1197 926 1239 uirum
941 1198 1147 1240 doctrinae
1158 1212 1242 1241 non
1255 1199 1508 1253 spernendae

166 1263 286 1305 fuisse
306 1266 512 1306 fatendum
531 1273 591 1306 est
605 1279 618 1315 ;
645 1277 779 1317 neque
798 1264 855 1306 ita
872 1277 972 1314 raro,
988 1266 1098 1306 uelut
1112 1266 1173 1305 Μ
1176 1266 1204 1314 ⁸,
1223 1264 1391 1308 feliciter
1405 1265 1506 1320 quid

165 1330 362 1383 scripserit
395 1330 534 1371 Liuius
565 1339 635 1372 aut
666 1331 871 1372 diuinasse
897 1338 968 1371 aut
1005 1342 1055 1371 ex
1081 1330 1219 1383 aliquo
1245 1330 1367 1373 nobis
1394 1343 1505 1374 nunc

166 1397 330 1437 occluso
367 1397 478 1437 sonte
511 1396 700 1437 hausisse.
770 1396 965 1448 Exempla
995 1395 1193 1436 felicitatis
1229 1396 1350 1438 huius
1381 1396 1506 1451 (quae

167 1475 293 1514 nuper
326 1462 451 1503 modo
484 1461 581 1502 mihi
619 1462 862 1514 comparuit)
906 1461 947 1502 in
985 1460 1148 1503 xxm.
1187 1463 1225 1503 6.
1259 1473 1285 1515 3
1315 1461 1503 1516 (Vm),

166 1541 199 1578 9.
224 1529 250 1567 8
277 1526 419 1579 (ferire
448 1528 516 1568 ubi
537 1527 623 1578 fere
642 1526 858 1578 PCRM);
885 1526 1014 1568 XXV.
1041 1541 1099 1579 19.
1128 1541 1170 1568 11
1194 1536 1234 1568 et
1265 1529 1343 1577 163
1370 1526 1502 1571 XXV.

168 1605 227 1642 24.
248 1605 298 1645 55
326 1593 453 1633 XXV.
470 1606 531 1646 37.
554 1605 603 1633 1ο
617 1601 657 1634 et
683 1606 729 1641 ¹4
749 1592 933 1646 reperies,
954 1601 995 1633 et
1012 1591 1119 1633 alibi.
1152 1595 1331 1646 Apparet
1351 1594 1505 1636 scilicet

165 1657 267 1699 inter
286 1659 326 1699 A
345 1658 398 1700 ab
426 1659 482 1700 A‘
500 1667 721 1700 correctum
741 1667 782 1700 et
804 1659 1035 1699 Editionem
1056 1658 1278 1712 principem
1297 1658 1502 1702 uinuuum

164 1723 328 1778 aliquOd
347 1724 587 1766 artissimum
617 1724 915 1777 fuisse—quarn
944 1737 1027 1765 rem
1058 1737 1151 1766 mox
1176 1724 1275 1774 aliis,
1304 1737 1388 1767 non
1417 1724 1505 1768 tine

166 1791 310 1839 fructu,
326 1792 460 1839 credo,
479 1791 764 1844 explorandam
785 1791 978 1843 relinquo.

220 1857 277 1909 (b)
308 1858 450 1898 Postea
470 1869 566 1899 uero
583 1864 785 1898 correctus
810 1865 849 1898 et
878 1857 1086 1910 suppletus
1113 1866 1173 1899 est
1202 1857 1237 1897 A
1269 1870 1295 1899 a
1324 1857 1504 1912 pluribus

164 1923 263 1971 aliis,
284 1923 337 1963 de
356 1922 503 1975 quibus
522 1922 562 1963 in
589 1924 771 1975 proximo
795 1924 931 1964 Tomo
950 1922 1275 1977 (xxvl-xxx)
1300 1924 1503 1978 agendum

166 1988 238 2029 erit
253 2002 263 2037 ;
301 1988 340 2028 in
374 2001 560 2041 praesens
592 1996 653 2029 sat
685 1987 759 2029 erit
791 2002 1108 2031 commemorare
1138 1989 1240 2031 inter
1274 2003 1347 2032 eos
1382 1988 1504 2033 fni-e

167 2053 295 2094 uirum
329 2054 381 2095 de
415 2053 552 2095 litteris
581 2054 767 2095 humanis
795 2054 1012 2096 clarissime
1035 2057 1220 2096 meritum
1242 2054 1503 2098 Laurentium

167 2120 323 2159 vallam
343 2118 427 2172 (qui
449 2119 513 2160 ob.
535 2120 612 2161 a.d.
641 2123 772 2173 ¹⁴57>
832 2121 969 2162 Plures
989 2120 1106 2161 huius
1132 2120 1473 2164 emendatione
1459 2134 1505 2164 111

168 2185 343 2237 margine
370 2186 521 2238 aliquot
550 2187 590 2226 in
621 2185 719 2227 locis
747 2185 886 2227 litteris
907 2187 950 2227 1„
972 2187 1021 2227 V.
1044 2188 1125 2238 (uel
1147 2186 1247 2228 Latr-
1278 2187 1362 2229 Vol.
1382 2194 1428 2228 ut
1447 2187 1503 2230 td

168 2250 498 2304 XXV1.27.1()
517 2252 780 2306 consignatas,
796 2253 1071 2294 demonstrare
1086 2254 1134 2291 W
1135 2252 1296 2295 altersio
1311 2250 1504 2306 megit-

168 2316 220 2357 de
251 2329 330 2368 qua
373 2331 414 2357 re
455 2320 621 2359 consule
654 2320 708 2360 sis
747 2319 806 2360 ct.
844 2318 1057 2371 Quarterly
1089 2318 1124 2359 xi
1158 2317 1304 2371 (1917)
1338 2329 1378 2371 p.
1411 2329 1499 2371 154.

171 2382 360 2435 Exempla
392 2385 516 2423 multa
547 2384 585 2424 in
617 2385 694 2426 hoc
718 2384 853 2426 Temo
881 2383 1061 2437 reperies,
1081 2397 1167 2438 eg.
1194 2383 1250 2427 ad
1276 2381 1362 2426 init.
1392 2380 1502 2425 utri

814 2462 862 2490 xx
