1664 2748
95 250 97 253 ’
168 278 360 337 mus.
389 279 458 321 uei
494 275 735 331 summ,
766 280 812 318 ut
837 273 898 316 in
926 272 1074 322 diam,
1105 273 1218 314 tonte
1245 272 1390 312 haum
1417 269 1511 318 sint,

35 407 41 415 ⁴
90 396 93 398 s
169 344 386 390 §enimet
401 343 477 386 tibi
494 342 875 390 candidelector,et
894 338 1014 381 nobis
1031 337 1128 391 ipsis
1141 337 1216 379 erit
1234 345 1321 378 tum
1338 343 1514 378 waere

170 423 280 462 enm.
302 410 339 454 si
365 411 447 452 fata
472 408 592 451 nobis
617 415 785 450 “tenus
808 405 1015 459 indulgere
1036 404 1188 455 uolent,
1205 410 1373 456 quartus
1392 400 1515 443 huius

170 475 552 523 editionis'l'omus
541 488 584 517 in
596 475 729 516 lucem
746 486 797 514 ex
813 470 975 514 schedis
992 469 1139 512 nostris
1150 468 1260 524 (iam,
1273 481 1383 510 anno
1398 469 1515 520 1928,

170 543 229 587 ad
243 542 368 585 finem
386 540 498 584 Libri
516 540 706 582 XXVIII
730 535 952 592 perductis)
967 536 1187 589 aliquando
1205 532 1445 609 prouenerit.

172 737 338 782 maile
352 745 428 780 est.
483 736 648 790 Quippe
673 735 909 777 Waltersius
938 736 1023 788 ipse
1051 741 1093 775 et
1118 746 1207 786 ego,
1236 745 1332 774 cum
1358 730 1518 783 saepius

173 802 254 848 dli
273 813 459 857 ,uterque
492 801 706 857 separatim
742 800 935 844 iudicium
973 813 1105 850 suum,
1146 798 1331 840 codicem
1367 804 1519 850 quanta

175 870 308 929 potuit
324 868 531 923 diligentia
556 868 825 917 obseruando,
846 867 1007 908 fecisset
1034 874 1075 908 et
1104 864 1246 906 litteris
1276 864 1517 911 mandasset,

176 937 280 979 haec
294 948 371 991 pro
392 943 506 977 certo
530 935 799 976 communiter
820 940 995 973 statuere
1018 944 1096 972 nos
1124 943 1244 984 posse
1273 938 1359 970 tum
1386 929 1519 970 crede-

177 1001 324 1045 bamus
349 1015 444 1043 cum
479 997 595 1042 anno>
627 1013 729 1053 19²²
759 999 926 1040 ineunte
957 996 1127 1038 consilia
1156 1003 1292 1038 nostra
1322 995 1364 1035 in
1394 1007 1519 1036 unum

177 1068 359 1110 consum
395 1066 582 1107 ultimum
618 1064 850 1119 potuimus;
895 1076 972 1104 nec
1019 1075 1130 1103 nunc
1172 1063 1392 1115 quicquam
1432 1073 1519 1112 ego,

179 1131 351 1188 plurium
371 1132 539 1173 Puteani
557 1132 647 1172 loca
668 1130 827 1171 Parisiis
846 1136 1127 1183 perscrutatus,
1148 1128 1191 1168 in
1211 1127 1288 1168 hac
1315 1126 1521 1168 communi

179 1197 381 1241 enitentia
398 1197 636 1238 mutandum
655 1209 815 1238 censeo,

234 1262 297 1319 (a)
320 1262 382 1305 12¹
401 1275 486 1304 uno
504 1263 732 1315 eodemque
749 1260 959 1303 atramenti
973 1261 1109 1301 colore
1123 1258 1276 1312 ubique
1289 1257 1523 1299 manifestus

180 1336 256 1373 est.
311 1328 398 1372 ubi
415 1328 516 1381 quid
534 1336 690 1369 mutare
706 1327 885 1376 uolebat,
903 1334 1056 1379 puncto
1074 1338 1195 1378 supra
1212 1324 1383 1365 litteram
1401 1335 1523 1376 quarn

180 1393 345 1438 &ebat
376 1393 520 1448 posito,
557 1394 772 1434 lectionem
802 1405 952 1433 nouam
989 1404 1110 1444 supra
1142 1389 1354 1439 scribebat,
1386 1390 1525 1430 litteris

181 1458 405 1502 minoribus
435 1459 615 1512 quidem,
649 1471 810 1511 prorsus
842 1466 981 1498 autem
1009 1457 1193 1498 eiusdem
1225 1455 1382 1508 generis
1410 1454 1525 1495 cuius

182 1527 258 1568 fuit
282 1524 476 1578 scriptura
504 1538 584 1577 qua
611 1525 742 1577 primo
770 1537 865 1564 usus
892 1530 988 1564 erat.
1046 1522 1103 1563 P·
1140 1521 1272 1575 ipsum
1300 1533 1420 1573 saepe
1452 1521 1526 1560 has

183 1591 334 1634 litteras
362 1604 464 1644 quas
493 1590 653 1632 delebat
681 1590 807 1631 ductu
836 1589 956 1630 etiam
984 1588 1153 1640 obliquo
1181 1588 1465 1640 perstrinxisse,
1493 1585 1526 1626 si

184 1670 271 1701 non
288 1670 363 1712 pro
380 1667 492 1699 certo
509 1657 733 1707 statuimus,
754 1666 891 1698 tamen
908 1655 1029 1697 nobis
1047 1654 1158 1695 exiis
1172 1667 1276 1707 quae
1290 1653 1528 1694 docebimus

187 1722 396 1779 probabile
415 1723 583 1764 uidetur.

239 1788 308 1845 (b)
335 1790 462 1831 Hunc
481 1797 644 1830 secutus
661 1788 727 1830 P·
744 1801 865 1841 saepe
884 1787 1033 1828 litteras
1051 1786 1137 1827 siue
1156 1794 1273 1827 antea
1292 1800 1317 1826 a
1344 1785 1398 1826 P·
1420 1785 1530 1826 dam-

186 1863 302 1898 natas
325 1868 398 1897 seu
422 1868 518 1904 non,
540 1854 816 1908 pallidioribus
840 1854 914 1895 sed
935 1852 1146 1894 atramenti
1174 1851 1314 1893 similis
1340 1850 1530 1894 ductibus

188 1922 438 1976 perstrinxiu
470 1920 525 1962 ita
552 1928 688 1962 tamen
708 1929 751 1962 ut
780 1920 821 1961 bi
850 1921 1011 1964 ductus,
1030 1927 1171 1971 utpote
1199 1926 1285 1959 turn
1315 1916 1407 1957 sacti
1435 1929 1528 1957 cum

187 1987 383 2041 scriptura
401 1988 531 2040 prima
548 1985 628 2027 iarn
648 1987 804 2027 dudum
824 1986 932 2027 sicca
950 1987 1054 2025 sacta
1073 1992 1168 2033 erat,
1189 1996 1389 2036 nusquam
1408 1981 1467 2023 sic
1489 1981 1531 2022 in

193 2066 320 2095 unum
345 2066 437 2094 curn
465 2054 657 2105 scriptura
683 2052 884 2104 primitius
907 2052 1127 2093 coaluerint
1155 2059 1198 2090 ut
1224 2048 1488 2090 correctiones
1505 2061 1531 2089 a

191 2118 248 2161 P·
277 2120 491 2172 profectae.
549 2118 789 2171 Saepissime
817 2126 951 2159 autem
979 2117 1019 2157 hi
1046 2118 1193 2157 ductus
1218 2115 1401 2168 duplices
1424 2123 1530 2164 sunt,

191 2182 307 2237 quad
344 2184 514 2225 duarum
553 2184 746 2225 linearum
785 2184 1060 2237 parallelarum
1099 2182 1151 2235 (si
1183 2194 1276 2222 curn
1318 2180 1534 2227 Euclidicis

194 2249 304 2302 loqui
328 2248 449 2300 licet),
472 2262 604 2302 penna
628 2248 782 2290 scilicet
806 2249 942 2290 subter
967 2248 1114 2300 digitos
1140 2247 1182 2288 in
1208 2248 1308 2289 duas
1335 2256 1465 2300 partes
1491 2260 1534 2287 se

195 2314 417 2362 scindente,
451 2313 491 2355 id
518 2314 640 2368 ,quod
677 2327 774 2355 sane
812 2313 1108 2363 inconcinnam,
1142 2321 1183 2354 et
1215 2311 1329 2365 quasi
1364 2313 1532 2353 laceram

195 2379 371 2433 speciem
391 2379 579 2432 praebet;
606 2392 642 2420 e.
655 2392 694 2432 g.
716 2379 756 2419 in
777 2380 843 2419 fol.
868 2393 946 2431 3⁴0
966 2393 996 2420 r.
1015 2380 1074 2431 (a)
1094 2379 1118 2419 l.
1143 2392 1164 2418 2
1185 2378 1383 2430 (xxvn.
1403 2392 1470 2429 ⁴9·
1493 2377 1535 2431 5)

197 2458 271 2486 —s
290 2445 331 2486 in
346 2446 550 2486 cannensi&
569 2453 721 2498 puncto
737 2453 778 2486 et
803 2446 929 2486 ductu
956 2444 1125 2496 obliquo
1151 2444 1302 2487 deleuit
1330 2444 1389 2485 P·
1402 2458 1415 2494 ς
1443 2457 1536 2484 mox

845 2523 884 2551 ιι
