1664 2748
428 120 756 163 PRAEFATIO
767 135 781 172 ;
811 121 947 164 COD.
972 121 1128 164 ΗΕΒ.

109 229 383 277 timuis
414 232 528 285 quod
553 231 773 274 damnabat
798 231 980 282 cudens,
1014 240 1055 274 et
1087 240 1310 274 atramento
1339 233 1453 287 nigro

107 297 303 353 upplan
327 310 415 351 e.g.
443 297 486 339 in
514 298 630 340 XXI.
660 309 698 351 ς.
722 311 748 351 3
777 297 863 351 (foi.
896 311 914 339 1
946 311 987 340 u.
1015 297 1083 357 (a)
1103 299 1128 339 1.
1149 310 1172 352 5
1197 299 1251 340 ab
1279 298 1451 351 infimo).

108 361 280 417 &qius
302 362 371 405 ine
388 375 533 404 uooein
549 376 671 416 quan
687 363 807 405 erasit
825 371 870 405 ut
887 363 1032 417 sigium
1050 366 1079 418 ᾷ
1094 363 1136 405 in
1156 377 1237 417 qua
1262 363 1452 418 gloriatus

108 427 380 479 nunidem,
392 429 662 471 substitueret.
719 429 882 471 Gratiae
898 429 1267 471 tamen'habendae
1285 429 1342 470 ini
1359 437 1453 470 sunt

109 493 223 548 md
243 493 478 538 indmism
498 495 604 536 hanc
621 508 707 536 non
725 496 828 536 ultra
851 495 1022 549 primam
1042 495 1152 536 Libri
1171 497 1273 537 XXI
1297 503 1450 549 partem

109 558 345 603 “uiderit-
399 559 556 602 Aetatis
590 559 801 613 aliquanto
836 560 1030 602 inferioris
1067 560 1110 602 hi
1141 562 1228 603 duo
1264 562 1454 603 uidentur

109 617 247 677 ὥσ,
261 637 342 668 nec
357 626 530 667 multum
549 626 682 667 codici
700 635 936 667 nocuerunt.

159 689 240 746 (s)
263 691 344 733 Μ’
353 691 522 733 deinum
539 693 651 733 tenui
669 691 887 745 scripturae
906 705 1003 734 suae
1020 706 1167 745 genere
1180 692 1449 746 distinguitur,

106 763 336 799 sumto
364 755 589 798 subrubido
601 771 615 807 ς
650 757 693 798 in
726 757 858 799 Libris
889 758 1193 808 XXVI-xxx,
1222 766 1268 799 ut
1294 772 1378 811 eg.
1407 757 1450 799 in

108 822 312 865 xxvnl.
345 836 408 872 ²⁴·
443 834 464 874 7
484 823 622 875 prino
644 836 836 864 semones
865 824 944 865 M*
980 837 1075 866 cum
1105 825 1190 873 N‘,
1220 831 1327 866 recte
1362 825 1453 876 (pro

100 887 301 944 Μ
323 889 375 938 1²,
392 890 588 942 pninons
610 888 894 942 P·CRMB);
930 898 972 931 et
1000 889 1043 931 in
1069 891 1271 931 XXVIII.
1305 901 1368 942 35.
1404 903 1453 929 io

103 954 274 1012 pupius
299 954 452 996 M'N‘
478 963 589 996 recte
624 955 716 1008 (pro
751 956 926 1007 posuim
952 955 1197 1007 PCRMB),
1235 956 1450 996 lectionem

110 1018 339 1075 snitu-un
362 1020 522 1074 saepius
546 1022 614 1062 ille
633 1029 800 1074 apparet
823 1021 966 1063 insen-e
996 1021 1200 1074 potuisse;
1225 1022 1280 1063 de
1304 1034 1385 1074 qua
1409 1034 1452 1062 re

111 1086 227 1139 plum
250 1084 295 1127 in
321 1085 504 1139 proximo
530 1087 667 1127 Tomo
697 1086 874 1128 dicenda
899 1095 1028 1128 erunt.
1085 1087 1328 1140 Aliquando,
1357 1100 1451 1129 cuin

109 1151 290 1193 niumm
306 1151 451 1204 plenus
468 1159 564 1200 erat,
583 1151 638 1192 ab
657 1152 735 1192 M·
753 1165 838 1193 non
856 1152 973 1194 facile
990 1153 1256 1206 distinguitur.

166 1216 229 1271 ω
253 1217 334 1257 Μ·
356 1225 623 1258 ati-amentum
642 1217 877 1271 subnigrum
903 1218 1067 1270 <coloris
1085 1232 1207 1271 quein
1227 1231 1302 1260 nos
1317 1222 1431 1271 ‘grey
1443 1220 1453 1238 '

112 1281 324 1334 uooemm)
351 1282 499 1323 ductus
524 1283 734 1335 angulares
761 1291 802 1324 et
831 1291 972 1324 tenues
998 1284 1246 1334 adhibebat3
1276 1283 1343 1325 ille
1370 1292 1454 1325 erat

111 1345 183 1401 qui
201 1346 337 1388 iocum
356 1347 610 1389 Hesiodeum
632 1347 673 1388 in
688 1349 867 1401 margine
881 1348 964 1389 solii
985 1350 1070 1390 181:
1094 1349 1311 1403 exscripsit,
1324 1357 1455 1391 aetate
1494 1376 1498 1381 -

113 1423 275 1465 prorsus
290 1424 380 1453 seia
396 1412 518 1464 (saec.
538 1413 678 1465 xvflw).

166 1476 250 1518 M·
265 1490 464 1531 purpurea
478 1487 520 1520 et
538 1479 634 1519 Μ’·
651 1492 812 1532 prorsus
830 1493 945 1522 rosea
955 1493 1111 1529 manus,
1125 1481 1287 1522 infimae
1297 1482 1452 1530 aetatis,

113 1541 243 1586 infimi
258 1542 381 1586 etiam
399 1545 557 1595 ualoris,
576 1557 666 1586 iai-o
683 1546 956 1588 nominandae
974 1554 1102 1588 erunt.

167 1607 190 1661 ξ
206 1610 273 1660 64.
303 1608 421 1651 Haec
438 1609 669 1652 discrimina
682 1624 765 1652 non
780 1611 925 1653 dubito
944 1614 1041 1665 quin
1054 1621 1110 1662 tu,
1125 1612 1298 1655 candide
1317 1614 1452 1661 lector,

114 1674 246 1730 ptimo
270 1683 390 1724 eene,
416 1677 646 1728 suspicione
669 1676 804 1730 aliqua
825 1678 1118 1730 contempleris.
1179 1678 1315 1720 Liceat
1338 1678 1455 1731 igitur

115 1741 290 1795 proferre
319 1741 421 1783 duas
449 1741 603 1783 codicis
634 1751 766 1796 partes
798 1743 971 1796 plurium
1005 1744 1197 1785 linearum
1231 1753 1451 1797 utramque,

115 1805 187 1849 ubi
205 1807 282 1848 hae
316 1819 460 1848 manus
493 1807 534 1848 in
566 1821 648 1849 una
681 1809 825 1862 pagina
851 1818 1039 1862 operatae
1065 1810 1244 1862 conspici
1268 1818 1307 1851 et
1340 1810 1455 1851 facile

115 1870 306 1926 distingui
327 1872 493 1926 possint.
545 1875 722 1915 Primum
741 1875 923 1924 obserua,
944 1875 1009 1923 sis,
1031 1876 1097 1917 soi.
1122 1890 1168 1915 22
1184 1889 1212 1915 r.
1233 1889 1269 1916 a.
1288 1876 1327 1915 11.
1352 1888 1451 1916 1-12

115 1938 273 1991 (xxn.
292 1952 357 1991 49-
383 1951 526 1992 14—50.
545 1941 586 1992 2)
605 1940 676 1981 ubi
704 1950 859 1993 praeter
880 1954 928 1982 ea
953 1954 1059 1993 quae
1084 1941 1124 1982 in
1146 1943 1268 1982 adnn.
1297 1941 1349 1982 ad
1375 1942 1451 1983 loc.

117 2002 299 2056 reperies,
324 2003 439 2053 scias,
469 2018 623 2058 precor,
643 2006 1022 2059 uocemparteini.
1048 2021 1068 2047 2
1091 2007 1450 2059 (propanniw

115 2067 298 2110 additam
322 2081 423 2120 esee,
446 2083 523 2112 nec
552 2072 694 2112 melius
726 2086 812 2112 eum
842 2072 883 2113 in
912 2073 939 2112 Ι.
964 2073 989 2111 8
1011 2086 1036 2112 a
1058 2073 1162 2113 Μ’·
1151 2072 1452 2125 ,corruptelam

116 2140 252 2175 autem
272 2132 379 2176 illam
398 2149 510 2176 suem
527 2137 565 2189 (ς
589 2137 655 2188 16)
674 2138 803 2191 longis
822 2138 938 2179 lineis
959 2140 1057 2178 infra
1077 2146 1116 2178 et
1137 2150 1255 2189 supra
1275 2146 1450 2179 notatam

118 2198 241 2240 fuisse
253 2198 419 2241 fortasse
431 2201 547 2241 aM'
566 2202 700 2254 potius
719 2216 840 2256 quam
859 2217 884 2244 a
899 2204 988 2251 M1,
1002 2216 1248 2256 quamquam
1262 2203 1453 2245 credibile

117 2272 179 2306 est
209 2277 287 2305 suo
314 2272 494 2319 tempore
524 2279 679 2321 suoque
708 2270 831 2309 inodo
858 2270 914 2309 M
923 2271 933 2293 ¹
962 2269 1082 2310 etiam
1114 2278 1233 2310 antea
1262 2270 1452 2310 mendum

118 2338 290 2371 notasse.
349 2332 445 2372 Mox
465 2331 529 2372 fol.
551 2344 601 2385 ⁴5
616 2346 644 2374 r.
665 2332 704 2374 b.
721 2335 761 2374 11.
778 2348 828 2374 20
841 2334 1181 2386 ultimas(XX1V.
1202 2347 1263 2385 27·
1281 2337 1395 2388 5⁴²⁸·
1409 2334 1454 2387 ⁶)

119 2396 339 2446 considera,
355 2396 426 2437 ubi
439 2396 517 2438 Μ’
536 2397 687 2439 faciles
698 2398 773 2439 Μι
790 2407 830 2440 et
844 2400 923 2439 M·
934 2398 1167 2452 distingues,
1180 2398 1212 2440 si
1227 2400 1280 2441 ad
1291 2413 1453 2452 eaquae

747 2464 822 2505 xvii
1317 2465 1346 2507 b
