<?xml version="1.0" encoding="UTF-8"?>
<!DOCTYPE html PUBLIC "-//W3C//DTD XHTML 1.0 Transitional//EN"
    "http://www.w3.org/TR/xhtml1/DTD/xhtml1-transitional.dtd">
<html xmlns="http://www.w3.org/1999/xhtml" xml:lang="en" lang="en">
 <head>
  <title>
</title>
<meta http-equiv="Content-Type" content="text/html;charset=utf-8" />
  <meta name='ocr-system' content='tesseract 3.04.00' />
  <meta name='ocr-capabilities' content='ocr_page ocr_carea ocr_par ocr_line ocrx_word'/>
</head>
<body>
  <div class='ocr_page' id='page_1' title='image "./aburbeconditarec03livyuoft_0011.png"; bbox 0 0 1664 2748; ppageno 0'>
   <div class='ocr_carea' id='block_1_1' title="bbox 0 0 285 363">
    <p class='ocr_par' dir='ltr' id='par_1_1' title="bbox 0 0 285 363">
     <span class='ocr_line' id='line_1_1' title="bbox 0 0 285 363; baseline 0 0"><span class='ocrx_word' id='word_1_1' title='bbox 0 0 285 363; x_wconf 95' lang='lat' dir='ltr'>  </span> 
     </span>
    </p>
   </div>
   <div class='ocr_carea' id='block_1_2' title="bbox 0 27 78 598">
    <p class='ocr_par' dir='ltr' id='par_1_2' title="bbox 0 27 78 598">
     <span class='ocr_line' id='line_1_2' title="bbox 0 273 35 598; textangle 90"><span class='ocrx_word' id='word_1_2' title='bbox 4 595 7 598; x_wconf 83' lang='grc'><strong>“</strong></span> <span class='ocrx_word' id='word_1_3' title='bbox 4 547 6 562; x_wconf 66' lang='lat'><em>“</em></span> <span class='ocrx_word' id='word_1_4' title='bbox 0 358 35 531; x_wconf 39' lang='lat' dir='ltr'>mssa?</span> <span class='ocrx_word' id='word_1_5' title='bbox 21 341 30 347; x_wconf 74' lang='grc'>,-</span> <span class='ocrx_word' id='word_1_6' title='bbox 18 273 35 315; x_wconf 51' lang='grc' dir='ltr'>ς...</span> 
     </span>
     <span class='ocr_line' id='line_1_3' title="bbox 63 27 78 230; textangle 90"><span class='ocrx_word' id='word_1_7' title='bbox 64 226 73 230; x_wconf 88' lang='lat'><em>:</em></span> <span class='ocrx_word' id='word_1_8' title='bbox 63 149 77 202; x_wconf 51' lang='grc' dir='ltr'>νηΐ.</span> <span class='ocrx_word' id='word_1_9' title='bbox 68 67 74 86; x_wconf 48' lang='grc' dir='ltr'>«Α</span> <span class='ocrx_word' id='word_1_10' title='bbox 74 27 78 41; x_wconf 28' lang='grc' dir='ltr'>,Α</span> 
     </span>
    </p>
   </div>
   <div class='ocr_carea' id='block_1_3' title="bbox 481 168 1172 221">
    <p class='ocr_par' dir='ltr' id='par_1_3' title="bbox 481 168 1172 221">
     <span class='ocr_line' id='line_1_4' title="bbox 481 168 1172 221; baseline -0.007 -7"><span class='ocrx_word' id='word_1_11' title='bbox 481 168 805 214; x_wconf 77' lang='lat' dir='ltr'>PRAEFATIO</span> <span class='ocrx_word' id='word_1_12' title='bbox 817 182 832 221; x_wconf 71' lang='grc' dir='ltr'><strong><em>ς</em></strong></span> <span class='ocrx_word' id='word_1_13' title='bbox 876 169 1011 212; x_wconf 87' lang='lat' dir='ltr'><em>COD.</em></span> <span class='ocrx_word' id='word_1_14' title='bbox 1038 168 1172 210; x_wconf 60' lang='lat' dir='ltr'>PVJJ</span> 
     </span>
    </p>
   </div>
   <div class='ocr_carea' id='block_1_4' title="bbox 155 277 1512 2168">
    <p class='ocr_par' dir='ltr' id='par_1_4' title="bbox 155 277 1501 791">
     <span class='ocr_line' id='line_1_5' title="bbox 155 277 1493 338; baseline -0.008 -11"><span class='ocrx_word' id='word_1_15' title='bbox 155 284 278 327; x_wconf 79' lang='lat' dir='ltr'>XXX</span> <span class='ocrx_word' id='word_1_16' title='bbox 305 291 451 338; x_wconf 72' lang='lat' dir='ltr'>partes,</span> <span class='ocrx_word' id='word_1_17' title='bbox 491 289 535 323; x_wconf 88' lang='lat' dir='ltr'>ut</span> <span class='ocrx_word' id='word_1_18' title='bbox 567 280 611 322; x_wconf 87' lang='lat' dir='ltr'>in</span> <span class='ocrx_word' id='word_1_19' title='bbox 644 277 976 323; x_wconf 80' lang='lat' dir='ltr'>adnotationibus</span> <span class='ocrx_word' id='word_1_20' title='bbox 1010 278 1065 320; x_wconf 85' lang='lat' dir='ltr'>ad</span> <span class='ocrx_word' id='word_1_21' title='bbox 1096 277 1214 320; x_wconf 88' lang='lat' dir='ltr'>XXI.</span> <span class='ocrx_word' id='word_1_22' title='bbox 1249 290 1312 329; x_wconf 74' lang='lat'>29,</span> <span class='ocrx_word' id='word_1_23' title='bbox 1350 288 1401 328; x_wconf 72' lang='lat'>75</span> <span class='ocrx_word' id='word_1_24' title='bbox 1430 289 1493 328; x_wconf 79' lang='lat'>30.</span> 
     </span>
     <span class='ocr_line' id='line_1_6' title="bbox 161 341 1497 402; baseline -0.007 -11"><span class='ocrx_word' id='word_1_25' title='bbox 161 362 237 401; x_wconf 66' lang='grc' dir='ltr'>ης</span> <span class='ocrx_word' id='word_1_26' title='bbox 262 362 329 400; x_wconf 76' lang='lat'>⁴¹·</span> <span class='ocrx_word' id='word_1_27' title='bbox 363 362 411 402; x_wconf 82' lang='lat'>¹³</span> <span class='ocrx_word' id='word_1_28' title='bbox 438 346 621 401; x_wconf 73' lang='lat' dir='ltr'>reperies,</span> <span class='ocrx_word' id='word_1_29' title='bbox 649 353 692 388; x_wconf 85' lang='lat' dir='ltr'>et</span> <span class='ocrx_word' id='word_1_30' title='bbox 714 347 769 388; x_wconf 78' lang='lat' dir='ltr'>ad</span> <span class='ocrx_word' id='word_1_31' title='bbox 794 346 925 386; x_wconf 86' lang='lat' dir='ltr'>XXX.</span> <span class='ocrx_word' id='word_1_32' title='bbox 957 357 1021 396; x_wconf 86' lang='lat'>30.</span> <span class='ocrx_word' id='word_1_33' title='bbox 1052 357 1113 394; x_wconf 79' lang='lat'>14.</span> <span class='ocrx_word' id='word_1_34' title='bbox 1172 343 1374 396; x_wconf 78' lang='lat' dir='ltr'>Insignem</span> <span class='ocrx_word' id='word_1_35' title='bbox 1403 341 1497 383; x_wconf 82' lang='lat' dir='ltr'>fecit</span> 
     </span>
     <span class='ocr_line' id='line_1_7' title="bbox 155 406 1499 467; baseline -0.007 -10"><span class='ocrx_word' id='word_1_36' title='bbox 155 422 268 457; x_wconf 71' lang='lat' dir='ltr'>aeta·</span> <span class='ocrx_word' id='word_1_37' title='bbox 292 427 378 464; x_wconf 73' lang='lat' dir='ltr'>sun,</span> <span class='ocrx_word' id='word_1_38' title='bbox 401 426 508 467; x_wconf 87' lang='lat' dir='ltr'>quae</span> <span class='ocrx_word' id='word_1_39' title='bbox 533 410 767 466; x_wconf 82' lang='lat' dir='ltr'>quindecim</span> <span class='ocrx_word' id='word_1_40' title='bbox 793 411 1041 452; x_wconf 82' lang='lat' dir='ltr'>saeculorum</span> <span class='ocrx_word' id='word_1_41' title='bbox 1066 410 1311 463; x_wconf 76' lang='lat' dir='ltr'>corruptelas</span> <span class='ocrx_word' id='word_1_42' title='bbox 1336 406 1499 460; x_wconf 76' lang='lat' dir='ltr'>effugit;</span> 
     </span>
     <span class='ocr_line' id='line_1_8' title="bbox 157 474 1498 525; baseline -0.007 -2"><span class='ocrx_word' id='word_1_43' title='bbox 157 480 232 523; x_wconf 72' lang='lat' dir='ltr'>ned</span> <span class='ocrx_word' id='word_1_44' title='bbox 258 478 367 522; x_wconf 81' lang='lat' dir='ltr'>uitiis</span> <span class='ocrx_word' id='word_1_45' title='bbox 391 479 482 520; x_wconf 81' lang='lat' dir='ltr'>aeui</span> <span class='ocrx_word' id='word_1_46' title='bbox 511 477 572 519; x_wconf 76' lang='lat' dir='ltr'>sui</span> <span class='ocrx_word' id='word_1_47' title='bbox 600 486 642 519; x_wconf 92' lang='lat' dir='ltr'>et</span> <span class='ocrx_word' id='word_1_48' title='bbox 669 476 824 518; x_wconf 79' lang='lat' dir='ltr'>scribae</span> <span class='ocrx_word' id='word_1_49' title='bbox 854 484 991 525; x_wconf 64' lang='lat' dir='ltr'>scatet,</span> <span class='ocrx_word' id='word_1_50' title='bbox 1021 475 1095 516; x_wconf 85' lang='lat' dir='ltr'>etsi</span> <span class='ocrx_word' id='word_1_51' title='bbox 1123 476 1166 516; x_wconf 89' lang='lat' dir='ltr'>in</span> <span class='ocrx_word' id='word_1_52' title='bbox 1194 482 1305 515; x_wconf 86' lang='lat' dir='ltr'>tanta</span> <span class='ocrx_word' id='word_1_53' title='bbox 1334 474 1498 514; x_wconf 88' lang='lat' dir='ltr'>mendo-</span> 
     </span>
     <span class='ocr_line' id='line_1_9' title="bbox 158 538 1498 596; baseline -0.007 -8"><span class='ocrx_word' id='word_1_54' title='bbox 158 558 249 587; x_wconf 85' lang='lat' dir='ltr'>rum</span> <span class='ocrx_word' id='word_1_55' title='bbox 285 544 541 587; x_wconf 85' lang='lat' dir='ltr'>multitudine</span> <span class='ocrx_word' id='word_1_56' title='bbox 572 551 728 596; x_wconf 86' lang='lat' dir='ltr'>partem</span> <span class='ocrx_word' id='word_1_57' title='bbox 757 543 899 584; x_wconf 86' lang='lat' dir='ltr'>saltem</span> <span class='ocrx_word' id='word_1_58' title='bbox 931 542 1073 594; x_wconf 83' lang='lat' dir='ltr'>culpae</span> <span class='ocrx_word' id='word_1_59' title='bbox 1107 553 1382 593; x_wconf 80' lang='lat' dir='ltr'>praecursores</span> <span class='ocrx_word' id='word_1_60' title='bbox 1412 538 1498 579; x_wconf 86' lang='lat' dir='ltr'>eius</span> 
     </span>
     <span class='ocr_line' id='line_1_10' title="bbox 161 605 1498 653; baseline -0.007 0"><span class='ocrx_word' id='word_1_61' title='bbox 161 609 292 653; x_wconf 76' lang='lat' dir='ltr'>meriti</span> <span class='ocrx_word' id='word_1_62' title='bbox 308 617 438 652; x_wconf 85' lang='lat' dir='ltr'>erunt.</span> <span class='ocrx_word' id='word_1_63' title='bbox 493 610 564 651; x_wconf 78' lang='lat' dir='ltr'>Ad</span> <span class='ocrx_word' id='word_1_64' title='bbox 581 608 739 649; x_wconf 89' lang='lat' dir='ltr'>initium</span> <span class='ocrx_word' id='word_1_65' title='bbox 757 614 798 648; x_wconf 91' lang='lat' dir='ltr'>et</span> <span class='ocrx_word' id='word_1_66' title='bbox 815 607 870 648; x_wconf 86' lang='lat' dir='ltr'>ad</span> <span class='ocrx_word' id='word_1_67' title='bbox 890 607 1012 647; x_wconf 79' lang='lat' dir='ltr'>finem</span> <span class='ocrx_word' id='word_1_68' title='bbox 1033 605 1197 647; x_wconf 83' lang='lat' dir='ltr'>mutilus</span> <span class='ocrx_word' id='word_1_69' title='bbox 1216 606 1374 646; x_wconf 86' lang='lat' dir='ltr'>cccclxx</span> <span class='ocrx_word' id='word_1_70' title='bbox 1389 616 1498 644; x_wconf 91' lang='lat' dir='ltr'>nunc</span> 
     </span>
     <span class='ocr_line' id='line_1_11' title="bbox 159 670 1499 725; baseline -0.006 -7"><span class='ocrx_word' id='word_1_71' title='bbox 159 675 400 725; x_wconf 66' lang='lat' dir='ltr'>Idiababet,</span> <span class='ocrx_word' id='word_1_72' title='bbox 416 674 532 716; x_wconf 80' lang='lat' dir='ltr'>binas</span> <span class='ocrx_word' id='word_1_73' title='bbox 545 675 755 715; x_wconf 85' lang='lat' dir='ltr'>columnas</span> <span class='ocrx_word' id='word_1_74' title='bbox 766 674 852 713; x_wconf 85' lang='lat' dir='ltr'>xxvi</span> <span class='ocrx_word' id='word_1_75' title='bbox 865 674 1059 713; x_wconf 86' lang='lat' dir='ltr'>linearum</span> <span class='ocrx_word' id='word_1_76' title='bbox 1071 671 1319 712; x_wconf 77' lang='lat' dir='ltr'>continentia</span> <span class='ocrx_word' id='word_1_77' title='bbox 1331 684 1344 721; x_wconf 78' lang='lat'>3</span> <span class='ocrx_word' id='word_1_78' title='bbox 1361 670 1499 722; x_wconf 85' lang='lat' dir='ltr'>quoad</span> 
     </span>
     <span class='ocr_line' id='line_1_12' title="bbox 159 735 1501 791; baseline -0.007 -7"><span class='ocrx_word' id='word_1_79' title='bbox 159 740 476 791; x_wconf 72' lang='lat' dir='ltr'>obneruauimus,</span> <span class='ocrx_word' id='word_1_80' title='bbox 488 753 565 782; x_wconf 89' lang='lat' dir='ltr'>nec</span> <span class='ocrx_word' id='word_1_81' title='bbox 580 740 712 780; x_wconf 85' lang='lat' dir='ltr'>minus</span> <span class='ocrx_word' id='word_1_82' title='bbox 723 737 787 779; x_wconf 82' lang='lat' dir='ltr'>xiv</span> <span class='ocrx_word' id='word_1_83' title='bbox 799 750 875 779; x_wconf 90' lang='lat' dir='ltr'>nec</span> <span class='ocrx_word' id='word_1_84' title='bbox 890 739 979 791; x_wconf 81' lang='lat' dir='ltr'>plus</span> <span class='ocrx_word' id='word_1_85' title='bbox 991 736 1066 777; x_wconf 88' lang='lat' dir='ltr'>xxii</span> <span class='ocrx_word' id='word_1_86' title='bbox 1084 738 1231 777; x_wconf 81' lang='lat' dir='ltr'>litteras</span> <span class='ocrx_word' id='word_1_87' title='bbox 1244 735 1408 788; x_wconf 89' lang='lat' dir='ltr'>praebet</span> <span class='ocrx_word' id='word_1_88' title='bbox 1421 735 1501 775; x_wconf 85' lang='lat' dir='ltr'>ulla</span> 
     </span>
    </p>

    <p class='ocr_par' dir='ltr' id='par_1_5' title="bbox 161 867 1509 1897">
     <span class='ocr_line' id='line_1_13' title="bbox 214 867 1500 926; baseline -0.006 -12"><span class='ocrx_word' id='word_1_89' title='bbox 214 871 264 926; x_wconf 75' lang='lat'>§5</span> <span class='ocrx_word' id='word_1_90' title='bbox 272 885 307 914; x_wconf 76' lang='grc' dir='ltr'>ι.</span> <span class='ocrx_word' id='word_1_91' title='bbox 325 870 550 924; x_wconf 72' lang='lat' dir='ltr'>Vestigium</span> <span class='ocrx_word' id='word_1_92' title='bbox 561 869 820 923; x_wconf 72' lang='lat' dir='ltr'>antiquitatis,</span> <span class='ocrx_word' id='word_1_93' title='bbox 828 869 953 922; x_wconf 91' lang='lat' dir='ltr'>quod,</span> <span class='ocrx_word' id='word_1_94' title='bbox 960 868 1094 921; x_wconf 86' lang='lat' dir='ltr'>quoad</span> <span class='ocrx_word' id='word_1_95' title='bbox 1106 867 1377 920; x_wconf 89' lang='lat' dir='ltr'>incorruptum</span> <span class='ocrx_word' id='word_1_96' title='bbox 1390 879 1500 906; x_wconf 88' lang='lat' dir='ltr'>man·</span> 
     </span>
     <span class='ocr_line' id='line_1_14' title="bbox 161 933 1499 989; baseline -0.007 -9"><span class='ocrx_word' id='word_1_97' title='bbox 161 938 225 988; x_wconf 72' lang='lat' dir='ltr'>sit,</span> <span class='ocrx_word' id='word_1_98' title='bbox 244 937 312 979; x_wconf 84' lang='lat' dir='ltr'>uix</span> <span class='ocrx_word' id='word_1_99' title='bbox 329 946 391 979; x_wconf 71' lang='lat' dir='ltr'>est</span> <span class='ocrx_word' id='word_1_100' title='bbox 416 950 490 978; x_wconf 92' lang='lat' dir='ltr'>cur</span> <span class='ocrx_word' id='word_1_101' title='bbox 506 936 624 978; x_wconf 90' lang='lat' dir='ltr'>Liuio</span> <span class='ocrx_word' id='word_1_102' title='bbox 643 935 718 989; x_wconf 89' lang='lat' dir='ltr'>ipsi</span> <span class='ocrx_word' id='word_1_103' title='bbox 736 936 995 988; x_wconf 80' lang='lat' dir='ltr'>abnegemus,</span> <span class='ocrx_word' id='word_1_104' title='bbox 1015 933 1058 974; x_wconf 92' lang='lat' dir='ltr'>in</span> <span class='ocrx_word' id='word_1_105' title='bbox 1089 935 1271 974; x_wconf 88' lang='lat' dir='ltr'>Puteano</span> <span class='ocrx_word' id='word_1_106' title='bbox 1298 939 1499 973; x_wconf 89' lang='lat' dir='ltr'>seruatum</span> 
     </span>
     <span class='ocr_line' id='line_1_15' title="bbox 163 996 1500 1055; baseline -0.006 -10"><span class='ocrx_word' id='word_1_107' title='bbox 163 1008 335 1053; x_wconf 50' lang='lat' dir='ltr'>caucum</span> <span class='ocrx_word' id='word_1_108' title='bbox 348 1015 537 1055; x_wconf 73' lang='lat' dir='ltr'>persaepe</span> <span class='ocrx_word' id='word_1_109' title='bbox 549 1001 651 1043; x_wconf 86' lang='lat' dir='ltr'>intra</span> <span class='ocrx_word' id='word_1_110' title='bbox 661 1002 751 1042; x_wconf 90' lang='lat' dir='ltr'>cola</span> <span class='ocrx_word' id='word_1_111' title='bbox 763 999 998 1041; x_wconf 79' lang='lat' dir='ltr'>narrationis</span> <span class='ocrx_word' id='word_1_112' title='bbox 1010 998 1181 1052; x_wconf 87' lang='lat' dir='ltr'>spatium</span> <span class='ocrx_word' id='word_1_113' title='bbox 1198 1000 1236 1039; x_wconf 87' lang='lat' dir='ltr'>iv</span> <span class='ocrx_word' id='word_1_114' title='bbox 1250 998 1313 1039; x_wconf 93' lang='lat' dir='ltr'>uel</span> <span class='ocrx_word' id='word_1_115' title='bbox 1328 996 1500 1050; x_wconf 89' lang='lat' dir='ltr'>plurium</span> 
     </span>
     <span class='ocr_line' id='line_1_16' title="bbox 165 1063 1501 1121; baseline -0.005 -12"><span class='ocrx_word' id='word_1_116' title='bbox 165 1067 382 1121; x_wconf 86' lang='lat' dir='ltr'>(interdum</span> <span class='ocrx_word' id='word_1_117' title='bbox 410 1067 531 1109; x_wconf 82' lang='lat' dir='ltr'>etiam</span> <span class='ocrx_word' id='word_1_118' title='bbox 558 1067 601 1118; x_wconf 83' lang='lat' dir='ltr'>x)</span> <span class='ocrx_word' id='word_1_119' title='bbox 629 1066 846 1107; x_wconf 86' lang='lat' dir='ltr'>litterarum</span> <span class='ocrx_word' id='word_1_120' title='bbox 875 1078 1048 1106; x_wconf 88' lang='lat' dir='ltr'>uacuum</span> <span class='ocrx_word' id='word_1_121' title='bbox 1077 1063 1246 1116; x_wconf 89' lang='lat' dir='ltr'>reliquit,</span> <span class='ocrx_word' id='word_1_122' title='bbox 1268 1070 1313 1104; x_wconf 89' lang='lat' dir='ltr'>ut</span> <span class='ocrx_word' id='word_1_123' title='bbox 1340 1076 1375 1104; x_wconf 84' lang='lat' dir='ltr'>e.</span> <span class='ocrx_word' id='word_1_124' title='bbox 1391 1075 1428 1115; x_wconf 80' lang='lat' dir='ltr'>g.</span> <span class='ocrx_word' id='word_1_125' title='bbox 1462 1064 1501 1102; x_wconf 91' lang='lat' dir='ltr'>in</span> 
     </span>
     <span class='ocr_line' id='line_1_17' title="bbox 165 1127 1503 1186; baseline -0.006 -11"><span class='ocrx_word' id='word_1_126' title='bbox 165 1133 233 1175; x_wconf 71' lang='lat' dir='ltr'>sol.</span> <span class='ocrx_word' id='word_1_127' title='bbox 258 1147 275 1175; x_wconf 80' lang='lat' dir='ltr'>r</span> <span class='ocrx_word' id='word_1_128' title='bbox 298 1146 338 1175; x_wconf 89' lang='lat' dir='ltr'>u.</span> <span class='ocrx_word' id='word_1_129' title='bbox 358 1131 416 1186; x_wconf 83' lang='lat' dir='ltr'>(a)</span> <span class='ocrx_word' id='word_1_130' title='bbox 436 1134 463 1173; x_wconf 90' lang='lat' dir='ltr'>l.</span> <span class='ocrx_word' id='word_1_131' title='bbox 484 1146 509 1182; x_wconf 88' lang='lat'>4</span> <span class='ocrx_word' id='word_1_132' title='bbox 527 1140 619 1185; x_wconf 81' lang='lat' dir='ltr'>post</span> <span class='ocrx_word' id='word_1_133' title='bbox 637 1132 880 1185; x_wconf 62' lang='lat' dir='ltr'>impiarum,</span> <span class='ocrx_word' id='word_1_134' title='bbox 900 1132 1022 1172; x_wconf 80' lang='lat' dir='ltr'>finem</span> <span class='ocrx_word' id='word_1_135' title='bbox 1042 1129 1233 1170; x_wconf 87' lang='lat' dir='ltr'>orationis</span> <span class='ocrx_word' id='word_1_136' title='bbox 1260 1127 1503 1169; x_wconf 81' lang='lat' dir='ltr'>Hannibalis</span> 
     </span>
     <span class='ocr_line' id='line_1_18' title="bbox 165 1191 1502 1252; baseline -0.006 -11"><span class='ocrx_word' id='word_1_137' title='bbox 165 1197 417 1252; x_wconf 72' lang='lat' dir='ltr'>sicdeuignat</span> <span class='ocrx_word' id='word_1_138' title='bbox 429 1198 562 1249; x_wconf 86' lang='lat' dir='ltr'>(XXI.</span> <span class='ocrx_word' id='word_1_139' title='bbox 582 1211 643 1238; x_wconf 72' lang='lat' dir='ltr'>ar.</span> <span class='ocrx_word' id='word_1_140' title='bbox 661 1197 703 1249; x_wconf 90' lang='grc'>6)</span> <span class='ocrx_word' id='word_1_141' title='bbox 721 1210 734 1247; x_wconf 74' lang='lat'>5</span> <span class='ocrx_word' id='word_1_142' title='bbox 759 1196 817 1237; x_wconf 85' lang='lat' dir='ltr'>sic</span> <span class='ocrx_word' id='word_1_143' title='bbox 831 1197 951 1237; x_wconf 87' lang='lat' dir='ltr'>etiam</span> <span class='ocrx_word' id='word_1_144' title='bbox 968 1203 1058 1248; x_wconf 88' lang='lat' dir='ltr'>post</span> <span class='ocrx_word' id='word_1_145' title='bbox 1072 1191 1502 1248; x_wconf 74' lang='lat' dir='ltr'>lmtussertur(xxl.</span> 
     </span>
     <span class='ocr_line' id='line_1_19' title="bbox 167 1258 1503 1319; baseline -0.004 -14"><span class='ocrx_word' id='word_1_146' title='bbox 167 1277 232 1317; x_wconf 78' lang='lat'>⁴3·</span> <span class='ocrx_word' id='word_1_147' title='bbox 258 1265 309 1319; x_wconf 85' lang='lat' dir='ltr'>r).</span> <span class='ocrx_word' id='word_1_148' title='bbox 364 1263 528 1305; x_wconf 88' lang='lat' dir='ltr'>Vtinam</span> <span class='ocrx_word' id='word_1_149' title='bbox 555 1275 654 1304; x_wconf 91' lang='lat' dir='ltr'>uero</span> <span class='ocrx_word' id='word_1_150' title='bbox 671 1262 830 1314; x_wconf 84' lang='lat' dir='ltr'>saepius</span> <span class='ocrx_word' id='word_1_151' title='bbox 848 1275 897 1303; x_wconf 89' lang='lat' dir='ltr'>ea</span> <span class='ocrx_word' id='word_1_152' title='bbox 917 1260 1064 1302; x_wconf 89' lang='lat' dir='ltr'>indicia</span> <span class='ocrx_word' id='word_1_153' title='bbox 1090 1262 1309 1301; x_wconf 78' lang='lat' dir='ltr'>seruasset!</span> <span class='ocrx_word' id='word_1_154' title='bbox 1338 1258 1503 1299; x_wconf 86' lang='lat' dir='ltr'>Vtinam</span> 
     </span>
     <span class='ocr_line' id='line_1_20' title="bbox 167 1325 1507 1383; baseline -0.006 -11"><span class='ocrx_word' id='word_1_155' title='bbox 167 1342 333 1383; x_wconf 81' lang='lat' dir='ltr'>quoque</span> <span class='ocrx_word' id='word_1_156' title='bbox 348 1342 403 1371; x_wconf 85' lang='lat' dir='ltr'>ne</span> <span class='ocrx_word' id='word_1_157' title='bbox 421 1337 503 1370; x_wconf 87' lang='lat' dir='ltr'>tam</span> <span class='ocrx_word' id='word_1_158' title='bbox 528 1341 648 1381; x_wconf 84' lang='lat' dir='ltr'>saepe</span> <span class='ocrx_word' id='word_1_159' title='bbox 676 1340 882 1381; x_wconf 87' lang='lat' dir='ltr'>perperam</span> <span class='ocrx_word' id='word_1_160' title='bbox 912 1327 1082 1367; x_wconf 81' lang='lat' dir='ltr'>locasset</span> <span class='ocrx_word' id='word_1_161' title='bbox 1109 1325 1172 1379; x_wconf 87' lang='lat' dir='ltr'>(ut</span> <span class='ocrx_word' id='word_1_162' title='bbox 1197 1338 1233 1367; x_wconf 90' lang='lat' dir='ltr'>e.</span> <span class='ocrx_word' id='word_1_163' title='bbox 1246 1338 1282 1378; x_wconf 83' lang='lat' dir='ltr'>g.</span> <span class='ocrx_word' id='word_1_164' title='bbox 1311 1332 1402 1378; x_wconf 90' lang='lat' dir='ltr'>post</span> <span class='ocrx_word' id='word_1_165' title='bbox 1426 1325 1507 1364; x_wconf 82' lang='lat' dir='ltr'>eius</span> 
     </span>
     <span class='ocr_line' id='line_1_21' title="bbox 165 1390 1506 1449; baseline -0.006 -12"><span class='ocrx_word' id='word_1_166' title='bbox 165 1407 244 1449; x_wconf 71' lang='lat' dir='ltr'>qua</span> <span class='ocrx_word' id='word_1_167' title='bbox 269 1393 313 1436; x_wconf 81' lang='lat' dir='ltr'>in</span> <span class='ocrx_word' id='word_1_168' title='bbox 339 1395 503 1436; x_wconf 85' lang='lat' dir='ltr'>xxm.</span> <span class='ocrx_word' id='word_1_169' title='bbox 533 1395 599 1443; x_wconf 83' lang='grc'>48.</span> <span class='ocrx_word' id='word_1_170' title='bbox 619 1407 658 1443; x_wconf 81' lang='lat'>4,</span> <span class='ocrx_word' id='word_1_171' title='bbox 678 1400 720 1434; x_wconf 85' lang='lat' dir='ltr'>et</span> <span class='ocrx_word' id='word_1_172' title='bbox 746 1402 839 1446; x_wconf 85' lang='lat' dir='ltr'>post</span> <span class='ocrx_word' id='word_1_173' title='bbox 868 1393 1155 1432; x_wconf 76' lang='lat' dir='ltr'>nuntiauerant</span> <span class='ocrx_word' id='word_1_174' title='bbox 1177 1391 1333 1432; x_wconf 83' lang='lat' dir='ltr'>XXIV.</span> <span class='ocrx_word' id='word_1_175' title='bbox 1358 1402 1417 1443; x_wconf 81' lang='lat'>15.</span> <span class='ocrx_word' id='word_1_176' title='bbox 1441 1390 1506 1443; x_wconf 81' lang='lat' dir='ltr'>5)l</span> 
     </span>
     <span class='ocr_line' id='line_1_22' title="bbox 167 1453 1507 1514; baseline -0.005 -11"><span class='ocrx_word' id='word_1_177' title='bbox 167 1460 328 1503; x_wconf 77' lang='lat' dir='ltr'>Tamen</span> <span class='ocrx_word' id='word_1_178' title='bbox 346 1462 582 1514; x_wconf 89' lang='lat' dir='ltr'>plerumque</span> <span class='ocrx_word' id='word_1_179' title='bbox 602 1460 702 1500; x_wconf 86' lang='lat' dir='ltr'>haec</span> <span class='ocrx_word' id='word_1_180' title='bbox 721 1459 1053 1511; x_wconf 84' lang='lat' dir='ltr'>paragrapharum</span> <span class='ocrx_word' id='word_1_181' title='bbox 1074 1453 1181 1509; x_wconf 72' lang='lat' dir='ltr'>&#39;sigla</span> <span class='ocrx_word' id='word_1_182' title='bbox 1208 1469 1300 1496; x_wconf 90' lang='lat' dir='ltr'>cum</span> <span class='ocrx_word' id='word_1_183' title='bbox 1331 1457 1507 1497; x_wconf 85' lang='lat' dir='ltr'>Draken-</span> 
     </span>
     <span class='ocr_line' id='line_1_23' title="bbox 169 1522 1505 1575; baseline -0.004 -7"><span class='ocrx_word' id='word_1_184' title='bbox 169 1526 475 1568; x_wconf 84' lang='lat' dir='ltr'>borcbianarum</span> <span class='ocrx_word' id='word_1_185' title='bbox 496 1524 720 1567; x_wconf 89' lang='lat' dir='ltr'>sectionum</span> <span class='ocrx_word' id='word_1_186' title='bbox 741 1523 1039 1565; x_wconf 85' lang='lat' dir='ltr'>discriminibus</span> <span class='ocrx_word' id='word_1_187' title='bbox 1068 1535 1285 1575; x_wconf 83' lang='lat' dir='ltr'>congruere</span> <span class='ocrx_word' id='word_1_188' title='bbox 1312 1522 1505 1562; x_wconf 86' lang='lat' dir='ltr'>inuenies.</span> 
     </span>
     <span class='ocr_line' id='line_1_24' title="bbox 169 1587 1509 1645; baseline -0.006 -10"><span class='ocrx_word' id='word_1_189' title='bbox 169 1593 252 1635; x_wconf 85' lang='lat' dir='ltr'>Sed</span> <span class='ocrx_word' id='word_1_190' title='bbox 269 1605 362 1634; x_wconf 89' lang='lat' dir='ltr'>cum</span> <span class='ocrx_word' id='word_1_191' title='bbox 389 1591 527 1645; x_wconf 73' lang='lat' dir='ltr'>paucis</span> <span class='ocrx_word' id='word_1_192' title='bbox 554 1598 712 1632; x_wconf 84' lang='lat' dir='ltr'>tantum</span> <span class='ocrx_word' id='word_1_193' title='bbox 739 1589 838 1630; x_wconf 88' lang='lat' dir='ltr'>locis</span> <span class='ocrx_word' id='word_1_194' title='bbox 866 1589 1082 1642; x_wconf 87' lang='lat' dir='ltr'>quicquam</span> <span class='ocrx_word' id='word_1_195' title='bbox 1113 1602 1243 1629; x_wconf 89' lang='lat' dir='ltr'>nouae</span> <span class='ocrx_word' id='word_1_196' title='bbox 1270 1589 1368 1628; x_wconf 88' lang='lat' dir='ltr'>lucis</span> <span class='ocrx_word' id='word_1_197' title='bbox 1394 1587 1509 1628; x_wconf 87' lang='lat' dir='ltr'>inter·</span> 
     </span>
     <span class='ocr_line' id='line_1_25' title="bbox 171 1652 1509 1712; baseline -0.005 -12"><span class='ocrx_word' id='word_1_198' title='bbox 171 1657 418 1712; x_wconf 66' lang='lat' dir='ltr'>metantibus</span> <span class='ocrx_word' id='word_1_199' title='bbox 450 1658 551 1698; x_wconf 82' lang='lat' dir='ltr'>haec</span> <span class='ocrx_word' id='word_1_200' title='bbox 588 1657 768 1697; x_wconf 82' lang='lat' dir='ltr'>conferre</span> <span class='ocrx_word' id='word_1_201' title='bbox 794 1654 1077 1700; x_wconf 84' lang='lat' dir='ltr'>inuenerimus‚</span> <span class='ocrx_word' id='word_1_202' title='bbox 1111 1654 1247 1695; x_wconf 85' lang='lat' dir='ltr'>statuit</span> <span class='ocrx_word' id='word_1_203' title='bbox 1280 1652 1509 1694; x_wconf 86' lang='lat' dir='ltr'>Waltersius</span> 
     </span>
     <span class='ocr_line' id='line_1_26' title="bbox 170 1720 1507 1777; baseline -0.006 -11"><span class='ocrx_word' id='word_1_204' title='bbox 170 1722 499 1777; x_wconf 68' lang='lat' dir='ltr'>operaepretium</span> <span class='ocrx_word' id='word_1_205' title='bbox 521 1735 604 1763; x_wconf 93' lang='lat' dir='ltr'>non</span> <span class='ocrx_word' id='word_1_206' title='bbox 620 1735 708 1763; x_wconf 86' lang='lat' dir='ltr'>esse</span> <span class='ocrx_word' id='word_1_207' title='bbox 739 1734 787 1762; x_wconf 91' lang='lat' dir='ltr'>ea</span> <span class='ocrx_word' id='word_1_208' title='bbox 812 1728 920 1762; x_wconf 85' lang='lat' dir='ltr'>extra</span> <span class='ocrx_word' id='word_1_209' title='bbox 944 1721 1020 1761; x_wconf 85' lang='lat' dir='ltr'>hos</span> <span class='ocrx_word' id='word_1_210' title='bbox 1047 1720 1159 1761; x_wconf 86' lang='lat' dir='ltr'>locos</span> <span class='ocrx_word' id='word_1_211' title='bbox 1183 1731 1507 1760; x_wconf 86' lang='lat' dir='ltr'>commemorare.</span> 
     </span>
     <span class='ocr_line' id='line_1_27' title="bbox 173 1783 1508 1843; baseline -0.005 -13"><span class='ocrx_word' id='word_1_212' title='bbox 173 1789 224 1831; x_wconf 86' lang='lat' dir='ltr'>In</span> <span class='ocrx_word' id='word_1_213' title='bbox 253 1796 438 1843; x_wconf 88' lang='lat' dir='ltr'>promptu</span> <span class='ocrx_word' id='word_1_214' title='bbox 468 1797 528 1829; x_wconf 73' lang='lat' dir='ltr'>est</span> <span class='ocrx_word' id='word_1_215' title='bbox 556 1788 663 1828; x_wconf 88' lang='lat' dir='ltr'>enim</span> <span class='ocrx_word' id='word_1_216' title='bbox 690 1786 819 1828; x_wconf 86' lang='lat' dir='ltr'>cuiuis</span> <span class='ocrx_word' id='word_1_217' title='bbox 848 1786 947 1827; x_wconf 86' lang='lat' dir='ltr'>haec</span> <span class='ocrx_word' id='word_1_218' title='bbox 974 1785 1015 1826; x_wconf 88' lang='lat' dir='ltr'>in</span> <span class='ocrx_word' id='word_1_219' title='bbox 1046 1784 1336 1838; x_wconf 87' lang='lat' dir='ltr'>photographia</span> <span class='ocrx_word' id='word_1_220' title='bbox 1358 1783 1508 1825; x_wconf 85' lang='lat' dir='ltr'>codicis</span> 
     </span>
     <span class='ocr_line' id='line_1_28' title="bbox 173 1854 734 1897; baseline -0.004 0"><span class='ocrx_word' id='word_1_221' title='bbox 173 1854 252 1897; x_wconf 86' lang='lat' dir='ltr'>iam</span> <span class='ocrx_word' id='word_1_222' title='bbox 270 1854 377 1896; x_wconf 87' lang='lat' dir='ltr'>bene</span> <span class='ocrx_word' id='word_1_223' title='bbox 396 1862 492 1895; x_wconf 90' lang='lat' dir='ltr'>nota</span> <span class='ocrx_word' id='word_1_224' title='bbox 511 1854 734 1896; x_wconf 82' lang='lat' dir='ltr'>obseruare.</span> 
     </span>
    </p>

    <p class='ocr_par' dir='ltr' id='par_1_6' title="bbox 175 1913 1512 2168">
     <span class='ocr_line' id='line_1_29' title="bbox 227 1913 1510 1973; baseline -0.005 -13"><span class='ocrx_word' id='word_1_225' title='bbox 227 1921 250 1973; x_wconf 57' lang='lat' dir='ltr'>f</span> <span class='ocrx_word' id='word_1_226' title='bbox 270 1932 333 1973; x_wconf 80' lang='lat'>52.</span> <span class='ocrx_word' id='word_1_227' title='bbox 363 1919 558 1962; x_wconf 88' lang='lat' dir='ltr'>Omnium</span> <span class='ocrx_word' id='word_1_228' title='bbox 579 1919 766 1960; x_wconf 86' lang='lat' dir='ltr'>uitiorum</span> <span class='ocrx_word' id='word_1_229' title='bbox 792 1917 942 1971; x_wconf 82' lang='lat' dir='ltr'>quibus</span> <span class='ocrx_word' id='word_1_230' title='bbox 969 1929 1044 1957; x_wconf 86' lang='lat' dir='ltr'>nos</span> <span class='ocrx_word' id='word_1_231' title='bbox 1063 1916 1192 1957; x_wconf 85' lang='lat' dir='ltr'>codex</span> <span class='ocrx_word' id='word_1_232' title='bbox 1215 1914 1281 1956; x_wconf 87' lang='lat' dir='ltr'>hic</span> <span class='ocrx_word' id='word_1_233' title='bbox 1299 1913 1450 1956; x_wconf 82' lang='lat' dir='ltr'>adflixit</span> <span class='ocrx_word' id='word_1_234' title='bbox 1469 1915 1510 1955; x_wconf 90' lang='lat' dir='ltr'>id</span> 
     </span>
     <span class='ocr_line' id='line_1_30' title="bbox 175 1981 1509 2039; baseline -0.006 -11"><span class='ocrx_word' id='word_1_235' title='bbox 175 1985 391 2039; x_wconf 69' lang='lat' dir='ltr'>pessimum</span> <span class='ocrx_word' id='word_1_236' title='bbox 421 1993 481 2027; x_wconf 80' lang='lat' dir='ltr'>est</span> <span class='ocrx_word' id='word_1_237' title='bbox 509 1986 620 2038; x_wconf 91' lang='lat' dir='ltr'>quod</span> <span class='ocrx_word' id='word_1_238' title='bbox 648 1984 790 2026; x_wconf 90' lang='lat' dir='ltr'>crebro</span> <span class='ocrx_word' id='word_1_239' title='bbox 818 1991 922 2024; x_wconf 80' lang='lat' dir='ltr'>totas</span> <span class='ocrx_word' id='word_1_240' title='bbox 951 1983 1087 2031; x_wconf 88' lang='lat' dir='ltr'>lineas,</span> <span class='ocrx_word' id='word_1_241' title='bbox 1119 1994 1239 2022; x_wconf 85' lang='lat' dir='ltr'>unam</span> <span class='ocrx_word' id='word_1_242' title='bbox 1270 1981 1333 2022; x_wconf 90' lang='lat' dir='ltr'>uel</span> <span class='ocrx_word' id='word_1_243' title='bbox 1367 1981 1509 2033; x_wconf 88' lang='lat' dir='ltr'>plures,</span> 
     </span>
     <span class='ocr_line' id='line_1_31' title="bbox 177 2044 1512 2103; baseline -0.005 -11"><span class='ocrx_word' id='word_1_244' title='bbox 177 2050 423 2100; x_wconf 48' lang='lat' dir='ltr'>omitia—id</span> <span class='ocrx_word' id='word_1_245' title='bbox 442 2051 553 2103; x_wconf 89' lang='lat' dir='ltr'>quod</span> <span class='ocrx_word' id='word_1_246' title='bbox 573 2058 681 2091; x_wconf 83' lang='lat' dir='ltr'>extra</span> <span class='ocrx_word' id='word_1_247' title='bbox 700 2049 870 2091; x_wconf 86' lang='lat' dir='ltr'>dubium</span> <span class='ocrx_word' id='word_1_248' title='bbox 888 2047 1020 2102; x_wconf 83' lang='lat' dir='ltr'>posuit</span> <span class='ocrx_word' id='word_1_249' title='bbox 1037 2046 1309 2088; x_wconf 86' lang='lat' dir='ltr'>testimonium</span> <span class='ocrx_word' id='word_1_250' title='bbox 1326 2045 1366 2086; x_wconf 89' lang='lat' dir='ltr'>in</span> <span class='ocrx_word' id='word_1_251' title='bbox 1383 2044 1512 2086; x_wconf 88' lang='lat' dir='ltr'>Libris</span> 
     </span>
     <span class='ocr_line' id='line_1_32' title="bbox 180 2112 1512 2168; baseline -0.006 -10"><span class='ocrx_word' id='word_1_252' title='bbox 180 2116 495 2157; x_wconf 79' lang='lat' dir='ltr'>xxvl—xxx</span> <span class='ocrx_word' id='word_1_253' title='bbox 515 2115 739 2157; x_wconf 86' lang='lat' dir='ltr'>traditionis</span> <span class='ocrx_word' id='word_1_254' title='bbox 757 2128 879 2168; x_wconf 88' lang='lat' dir='ltr'>quam</span> <span class='ocrx_word' id='word_1_255' title='bbox 901 2126 1094 2155; x_wconf 79' lang='lat' dir='ltr'>uocamus</span> <span class='ocrx_word' id='word_1_256' title='bbox 1114 2113 1352 2165; x_wconf 84' lang='lat' dir='ltr'>spirensem,</span> <span class='ocrx_word' id='word_1_257' title='bbox 1376 2112 1512 2151; x_wconf 87' lang='lat' dir='ltr'>Putea·</span> 
     </span>
    </p>
   </div>
   <div class='ocr_carea' id='block_1_5' title="bbox 150 2176 1511 2233">
    <p class='ocr_par' dir='ltr' id='par_1_7' title="bbox 150 2176 1511 2233">
     <span class='ocr_line' id='line_1_33' title="bbox 150 2176 1511 2233; baseline -0.004 -11"><span class='ocrx_word' id='word_1_258' title='bbox 150 2208 153 2210; x_wconf 90' lang='lat'><em>-</em></span> <span class='ocrx_word' id='word_1_259' title='bbox 178 2182 219 2222; x_wconf 88' lang='lat' dir='ltr'>ni</span> <span class='ocrx_word' id='word_1_260' title='bbox 248 2179 292 2221; x_wconf 85' lang='lat' dir='ltr'>in</span> <span class='ocrx_word' id='word_1_261' title='bbox 318 2181 394 2222; x_wconf 74' lang='lat' dir='ltr'>hac</span> <span class='ocrx_word' id='word_1_262' title='bbox 427 2193 469 2222; x_wconf 94' lang='lat' dir='ltr'>re</span> <span class='ocrx_word' id='word_1_263' title='bbox 495 2182 719 2222; x_wconf 77' lang='lat' dir='ltr'>socordiam</span> <span class='ocrx_word' id='word_1_264' title='bbox 749 2182 819 2233; x_wconf 90' lang='lat' dir='ltr'>(ne</span> <span class='ocrx_word' id='word_1_265' title='bbox 849 2180 1056 2233; x_wconf 83' lang='lat' dir='ltr'>perfidiam</span> <span class='ocrx_word' id='word_1_266' title='bbox 1087 2178 1237 2228; x_wconf 88' lang='lat' dir='ltr'>dicam)</span> <span class='ocrx_word' id='word_1_267' title='bbox 1264 2176 1511 2217; x_wconf 82' lang='lat' dir='ltr'>manifestam</span> 
     </span>
    </p>
   </div>
   <div class='ocr_carea' id='block_1_6' title="bbox 177 2242 1518 2548">
    <p class='ocr_par' dir='ltr' id='par_1_8' title="bbox 177 2242 1331 2299">
     <span class='ocr_line' id='line_1_34' title="bbox 177 2242 1331 2299; baseline -0.004 -12"><span class='ocrx_word' id='word_1_268' title='bbox 177 2258 372 2298; x_wconf 76' lang='lat' dir='ltr'>arguens;</span> <span class='ocrx_word' id='word_1_269' title='bbox 399 2246 462 2295; x_wconf 66' lang='lat' dir='ltr'>cs„</span> <span class='ocrx_word' id='word_1_270' title='bbox 482 2259 575 2298; x_wconf 81' lang='lat' dir='ltr'>e.g.‚</span> <span class='ocrx_word' id='word_1_271' title='bbox 600 2260 662 2287; x_wconf 78' lang='lat' dir='ltr'>ar.</span> <span class='ocrx_word' id='word_1_272' title='bbox 684 2258 747 2299; x_wconf 79' lang='lat'>5²·</span> <span class='ocrx_word' id='word_1_273' title='bbox 775 2259 817 2287; x_wconf 83' lang='lat' dir='ltr'>rr</span> <span class='ocrx_word' id='word_1_274' title='bbox 839 2246 933 2286; x_wconf 91' lang='lat' dir='ltr'>adn.</span> <span class='ocrx_word' id='word_1_275' title='bbox 955 2254 995 2286; x_wconf 91' lang='lat' dir='ltr'>et</span> <span class='ocrx_word' id='word_1_276' title='bbox 1016 2244 1093 2285; x_wconf 90' lang='lat' dir='ltr'>iam</span> <span class='ocrx_word' id='word_1_277' title='bbox 1115 2245 1199 2295; x_wconf 78' lang='lat'>§77</span> <span class='ocrx_word' id='word_1_278' title='bbox 1222 2242 1331 2283; x_wconf 78' lang='lat' dir='ltr'>infra.</span> 
     </span>
    </p>

    <p class='ocr_par' dir='ltr' id='par_1_9' title="bbox 178 2308 1518 2493">
     <span class='ocr_line' id='line_1_35' title="bbox 234 2308 1515 2364; baseline -0.002 -12"><span class='ocrx_word' id='word_1_279' title='bbox 234 2312 254 2362; x_wconf 59' lang='grc' dir='ltr'><strong><em>ξ</em></strong></span> <span class='ocrx_word' id='word_1_280' title='bbox 274 2322 338 2364; x_wconf 77' lang='grc'>53.</span> <span class='ocrx_word' id='word_1_281' title='bbox 371 2311 593 2352; x_wconf 84' lang='lat' dir='ltr'>Puteanum</span> <span class='ocrx_word' id='word_1_282' title='bbox 613 2311 797 2352; x_wconf 87' lang='lat' dir='ltr'>codicem</span> <span class='ocrx_word' id='word_1_283' title='bbox 818 2324 890 2364; x_wconf 90' lang='lat' dir='ltr'>pro</span> <span class='ocrx_word' id='word_1_284' title='bbox 910 2309 1123 2362; x_wconf 82' lang='lat' dir='ltr'>exemplari</span> <span class='ocrx_word' id='word_1_285' title='bbox 1147 2309 1382 2356; x_wconf 82' lang='lat' dir='ltr'>habuerunt,</span> <span class='ocrx_word' id='word_1_286' title='bbox 1406 2308 1515 2349; x_wconf 89' lang='lat' dir='ltr'>nullo</span> 
     </span>
     <span class='ocr_line' id='line_1_36' title="bbox 178 2374 1515 2429; baseline -0.004 -11"><span class='ocrx_word' id='word_1_287' title='bbox 178 2376 259 2418; x_wconf 85' lang='lat' dir='ltr'>alio</span> <span class='ocrx_word' id='word_1_288' title='bbox 278 2375 522 2429; x_wconf 74' lang='lat' dir='ltr'>interposito.</span> <span class='ocrx_word' id='word_1_289' title='bbox 538 2383 582 2416; x_wconf 87' lang='lat' dir='ltr'>ut</span> <span class='ocrx_word' id='word_1_290' title='bbox 600 2376 863 2418; x_wconf 81' lang='lat' dir='ltr'>demonstrari</span> <span class='ocrx_word' id='word_1_291' title='bbox 885 2384 1027 2429; x_wconf 79' lang='lat' dir='ltr'>potest,</span> <span class='ocrx_word' id='word_1_292' title='bbox 1045 2376 1207 2416; x_wconf 76' lang='lat' dir='ltr'>codices</span> <span class='ocrx_word' id='word_1_293' title='bbox 1223 2375 1265 2415; x_wconf 88' lang='lat' dir='ltr'><em>R</em></span> <span class='ocrx_word' id='word_1_294' title='bbox 1279 2382 1319 2415; x_wconf 92' lang='lat' dir='ltr'>et</span> <span class='ocrx_word' id='word_1_295' title='bbox 1334 2374 1392 2414; x_wconf 83' lang='lat' dir='ltr'><em>M</em></span> <span class='ocrx_word' id='word_1_296' title='bbox 1404 2381 1456 2422; x_wconf 81' lang='lat' dir='ltr'>et,</span> <span class='ocrx_word' id='word_1_297' title='bbox 1473 2383 1515 2413; x_wconf 90' lang='lat' dir='ltr'>ut</span> 
     </span>
     <span class='ocr_line' id='line_1_37' title="bbox 181 2438 1518 2493; baseline -0.003 -10"><span class='ocrx_word' id='word_1_298' title='bbox 181 2441 264 2483; x_wconf 89' lang='lat' dir='ltr'>ueri</span> <span class='ocrx_word' id='word_1_299' title='bbox 284 2440 530 2483; x_wconf 75' lang='lat' dir='ltr'>simillimum</span> <span class='ocrx_word' id='word_1_300' title='bbox 556 2449 629 2490; x_wconf 80' lang='lat' dir='ltr'>est,</span> <span class='ocrx_word' id='word_1_301' title='bbox 649 2442 778 2483; x_wconf 79' lang='lat' dir='ltr'>codex</span> <span class='ocrx_word' id='word_1_302' title='bbox 798 2440 1056 2484; x_wconf 76' lang='lat' dir='ltr'>Colbertinus</span> <span class='ocrx_word' id='word_1_303' title='bbox 1074 2440 1132 2493; x_wconf 86' lang='lat' dir='ltr'>(et</span> <span class='ocrx_word' id='word_1_304' title='bbox 1161 2438 1227 2481; x_wconf 86' lang='lat' dir='ltr'>hic</span> <span class='ocrx_word' id='word_1_305' title='bbox 1254 2439 1419 2493; x_wconf 88' lang='lat' dir='ltr'>quidem</span> <span class='ocrx_word' id='word_1_306' title='bbox 1449 2438 1518 2479; x_wconf 89' lang='lat' dir='ltr'>illo</span> 
     </span>
    </p>

    <p class='ocr_par' dir='ltr' id='par_1_10' title="bbox 828 2519 880 2548">
     <span class='ocr_line' id='line_1_38' title="bbox 828 2519 880 2548; baseline 0 0"><span class='ocrx_word' id='word_1_307' title='bbox 828 2519 880 2548; x_wconf 80' lang='lat' dir='ltr'>vn</span> 
     </span>
    </p>
   </div>
  </div>
 </body>
</html>
