1664 2748
554 116 910 167 Paululum
928 116 1138 157 INDEX

172 232 300 283 μη
323 224 527 270 hoedum
550 234 699 277 nmen.
719 234 764 268 ut
782 225 826 268 in
842 239 880 269 c·
900 238 966 280 ³5·
984 240 1023 277 4.
1043 226 1203 281 propri*
1224 227 1425 280 qu²0d⁸¹1¹
1454 226 1512 279 (0¹

53 291 86 350 ss·
171 290 286 336 bn·
298 299 343 335 et
357 292 482 346 mu)
499 292 703 335 αιιὼωι

225 356 249 410 ς
272 368 334 410 72.
365 357 473 402 Cum
499 371 527 400 a
553 357 732 412 pluribus
758 357 910 409 amicis,
939 359 1043 400 inter
1067 370 1173 411 quos
1201 356 1366 399 honoris
1392 370 1515 399 eausa

80 417 85 424 ⁴
171 422 465 466 varronhnum
493 422 606 465 illum
632 423 844 476 Lloydium
873 425 985 465 Storr
1011 425 1110 466 Best
1135 425 1314 473 nomino,
1336 422 1514 463 monitus

172 487 252 531 siin
293 502 442 543 operae
480 489 651 543 pretium
689 502 779 531 esse
817 502 954 531 earum
992 489 1300 531 adnotationum
1336 488 1513 530 indicem

173 554 340 597 breuem
371 554 556 598 subicere
591 556 634 596 in
664 554 813 608 quibus
845 556 1030 608 exempla
1055 568 1173 596 usum
1200 553 1416 596 Liuianum
1447 555 1514 595 uel

170 618 391 663 miluum
409 633 542 662 mores
560 620 811 661 inlustrantia
826 620 1074 673 collegimus,
1086 620 1174 662 dies
1187 620 1341 672 aliquot
1357 618 1514 673 apricos

171 683 269 728 huic
302 684 417 739 operi
449 684 599 735 addixi,
630 686 830 727 undarum
866 685 1136 727 uiolaoearum
1180 685 1303 727 risum
1342 684 1513 739 Lydium

170 749 335 793 intuens
377 750 638 803 audiensque,
677 750 801 792 trabis
845 750 1217 804 aequabilissimae¹
1254 750 1408 804 impetu
1443 764 1516 804 per

171 816 383 860 omnum
403 816 621 858 Pacificum
645 825 799 859 nectus.
838 817 982 858 Nullas
1007 826 1144 858 autern
1173 830 1235 858 res
1262 815 1516 870 amplectitur

172 882 361 936 paruolus
379 881 446 923 hie
470 881 591 923 inda
620 882 696 923 nisi
720 894 829 935 quae
844 882 1028 936 pluribus
1050 881 1246 935 exemplis
1269 883 1514 923 demonstra-

171 946 319 999 nimus.
361 949 450 990 Nec
478 949 648 989 multum
671 962 813 989 uereor
837 961 891 990 ne
908 949 1013 1001 quis,
1034 948 1105 1001 qui
1132 948 1299 1001 quidem
1323 956 1515 1001 angustos

172 1012 292 1055 haim
313 1013 405 1055 aeui
434 1014 626 1055 terminos
654 1013 850 1068 respiciat,
878 1013 977 1055 illud
1002 1022 1200 1067 queratur,
1231 1014 1513 1054 munusculum
1589 1039 1594 1043 -

173 1079 266 1129 boc,
284 1078 632 1133 qmntulicunque
653 1081 706 1121 sit
734 1079 943 1128 momenti,
965 1078 1009 1120 in
1034 1080 1155 1120 finem
1183 1079 1303 1120 huius
1326 1078 1515 1121 editionis

171 1143 330 1187 differre
355 1158 423 1186 me
445 1145 633 1186 noluisse.
679 1146 843 1198 Quippe
860 1144 896 1185 si
914 1145 981 1186 uel
1003 1144 1102 1185 mihi
1120 1146 1188 1186 uel
1208 1144 1432 1186 Iohnsonio
1450 1145 1515 1186 uel

171 1209 292 1251 alicui
314 1210 403 1267 eius
424 1210 538 1251 socio
568 1210 783 1263 septimum
811 1210 932 1251 huius
956 1210 1145 1252 editionis
1173 1212 1368 1252 uolumen
1397 1211 1515 1252 edere

172 1274 395 1329 eontigerit,
410 1275 529 1317 facile
541 1283 628 1316 tum
642 1276 716 1317 erit
735 1277 868 1329 plures
882 1275 1117 1317 huiusmodi
1135 1276 1248 1317 locos
1261 1276 1513 1329 subiungere,

172 1341 374 1395 longeque
391 1341 545 1382 facilius
564 1354 687 1394 quam
704 1354 812 1394 quae
835 1350 1058 1395 sequuntur
1078 1355 1129 1383 ex
1149 1342 1406 1383 collectaneis
1426 1355 1516 1383 mea

172 1418 296 1448 manu
313 1406 401 1449 ὅσα
419 1406 519 1450 θεοῖς
535 1406 655 1448 ἐδόκει
666 1406 903 1460 consmiptis
920 1419 1070 1447 eruere.
1131 1407 1248 1448 Haec
1267 1420 1365 1448 uero
1383 1420 1516 1461 neque

172 1471 283 1514 Artis
300 1472 598 1514 Grammatieae
624 1485 758 1525 neque
782 1472 892 1513 Artis
911 1472 1087 1514 Criticae
1115 1481 1380 1526 conspectum
1407 1485 1516 1526 prae-

172 1537 271 1580 bere
291 1539 360 1580 uix
383 1547 444 1580 est
471 1551 544 1579 eur
567 1539 773 1588 confitear,
793 1539 867 1580 sed
889 1538 1111 1591 fragmenta
1136 1538 1356 1586 dumtaxat,
1375 1538 1514 1579 talium

171 1602 333 1645 Artium
363 1603 621 1657 scriptoribus
642 1603 740 1644 olim
768 1605 932 1645 fortasse
956 1603 1079 1651 utilia,
1111 1603 1230 1644 Liuio
1259 1602 1514 1644 studentibus

171 1676 280 1711 σει-ω
291 1682 374 1711 non
389 1669 543 1711 inutilia
560 1670 704 1710 sutura.
745 1668 910 1719 Contra,
922 1668 989 1710 cui
1005 1670 1160 1710 nullum
1175 1682 1293 1710 usum
1308 1669 1431 1710 babet
1449 1669 1515 1710 hic

173 1733 306 1784 'undem
325 1736 368 1776 in
385 1744 573 1789 promptu
586 1743 648 1776 est
666 1734 888 1787 praeterire.

228 1801 396 1842 Nullum
426 1800 642 1842 discrimen
672 1800 715 1842 in
746 1800 880 1842 indice
912 1800 988 1841 feci
1013 1800 1116 1841 inter
1134 1814 1182 1841 ea
1207 1812 1312 1853 quae
1334 1799 1413 1840 iam
1443 1800 1514 1841 diu

172 1867 269 1908 satis
297 1874 395 1908 nota
421 1879 510 1908 esse
538 1867 700 1915 debent,
732 1874 871 1920 utpote
898 1879 1004 1919 quae
1033 1867 1098 1907 uel
1130 1865 1420 1906 Drakenborch
1449 1866 1513 1906 uel

174 1931 341 1985 Madvig
354 1933 419 1974 uel
427 1932 629 1973 Riemann
640 1932 901 1973 uelKuhnast
913 1933 979 1973 uel
994 1932 1134 1984 Frigell
1148 1944 1223 1972 suo
1233 1930 1405 1983 quisque
1418 1938 1515 1971 tem·

172 2009 271 2051 pore
290 1997 569 2046 inlustrauerit,
587 2006 711 2051 atque
729 1999 762 2038 si
787 2010 894 2050 quae
911 1998 1090 2047 Walters,
1113 1998 1177 2038 uel
1206 2009 1293 2049 ego,
1306 1997 1372 2037 uel
1389 1995 1515 2037 ambo

173 2061 305 2111 simul,
321 2075 397 2104 nos
416 2062 587 2116 primum
601 2062 812 2103 stabiliisse
830 2062 1130 2103 credimus.1d
1144 2070 1300 2103 tantum
1315 2061 1377 2114 egi
1398 2070 1443 2102 ut
1458 2062 1514 2103 ad

176 2127 252 2168 hos
267 2128 539 2180 enemplorum
559 2129 846 2169 thesauriculos
865 2128 996 2169 aditus
1014 2141 1136 2180 quam
1157 2126 1337 2180 plurimis
1355 2134 1499 2180 pateat.

229 2193 296 2234 Ad
339 2193 450 2234 locos
495 2192 598 2234 inter
632 2194 650 2246 (
707 2194 723 2245 )
768 2193 914 2235 citatos
957 2195 1139 2245 exempla
1186 2206 1314 2246 pauca
1355 2200 1511 2233 tantum

176 2246 419 2299 reperientur
435 2247 617 2289 eiusdem
635 2246 692 2288 rei
711 2246 753 2288 in
771 2249 853 2288 alio
874 2249 1172 2297 Tom0310cus
1196 2246 1398 2288 secundus
1426 2245 1513 2287 sine

175 2313 192 2364 (
249 2312 265 2364 )
284 2312 429 2352 citatus
446 2311 607 2353 alterius
625 2312 699 2354 sed
716 2322 912 2366 cognatae
931 2312 986 2354 rei
1005 2313 1189 2365 exempla
1206 2311 1378 2365 praebet.

426 2385 657 2421 'Renuene
672 2388 807 2421 nomine
824 2387 938 2430 (Capt-
954 2387 988 2429 J.
1000 2386 1032 2429 J.
1050 2387 1247 2431 (ἴασαι-οη).

799 2445 889 2485 xxiii
