1716 2730
556 161 631 200 ΑΒ
659 157 814 199 vana
839 156 1102 199 comm-A
1302 155 1419 194 xxv
1439 163 1495 203 24
1512 170 1533 201 ⁴

154 279 261 316 unt.
318 271 426 313 Nam
445 270 612 311 simulac
631 268 817 310 tubarum
835 273 898 309 est
913 265 1076 308 auditus
1099 273 1243 308 cannis
1263 265 1496 317 clamorque
1513 279 1532 313 5

156 337 380 383 mendum
400 348 535 377 muros
553 341 788 389 partemque
806 330 916 374 urbis
927 331 1066 374 omnia
1078 330 1204 373 teneri
1215 330 1405 372 custodes
1421 328 1496 371 rati

154 403 224 448 alii
250 417 322 459 per
349 414 507 443 murum
535 401 682 454 fugere,
708 399 775 440 alii
802 397 919 440 salire
942 398 997 440 de
1020 410 1136 439 muro
1164 394 1497 451 praecipitarique

156 469 275 513 turba
292 466 538 523 pauentium.
597 466 747 518 Magna
766 477 858 518 pars
874 472 1011 505 tamen
1031 462 1167 516 ignara
1183 461 1284 503 tanti
1299 460 1394 503 mali
1413 467 1497 502 erat
1514 463 1536 497 6

156 541 199 579 et
208 533 381 589 grauatis
393 531 585 574 omnibus
598 531 696 572 uino
707 542 933 583 somnoque
944 537 986 570 et
999 528 1043 570 in
1056 537 1195 570 uastae
1209 526 1498 579 magnitudinis

157 598 259 643 urbe
269 596 440 654 partium
451 610 572 639 sensu
583 609 667 638 non
678 594 773 637 satis
785 596 1009 649 pertinente
1019 594 1062 635 in
1072 592 1221 635 omnia.
1269 592 1354 635 Sub
1366 593 1497 634 lucem
1516 605 1536 643 ⁷

159 665 374 719 Hexapylo
391 642 1284 713 &mmmmm
1301 657 1500 711 ingressus

157 728 346 775 adnuit
361 729 640 780 omuertitque
658 740 800 767 omnes
816 727 870 767 ad
889 738 1000 767 arma
1022 724 1220 778 capienda
1243 736 1447 778 opemque
1464 722 1499 765 si

157 809 280 852 quam
299 801 465 849 possent
485 793 564 834 iam
584 802 725 845 captae
743 805 867 845 prope
886 792 974 832 urbi
993 791 1212 833 ferendam.

211 859 413 915 Epicydes
428 859 484 900 ab
503 859 652 907 Insula,
673 871 795 911 quam
816 857 890 909 ipsi
911 858 1072 898 Nasson
1089 863 1250 906 uocant,
1271 854 1395 897 citato
1411 868 1501 909 pro-
1517 868 1539 900 8

158 927 287 970 fectus
304 925 475 979 agmine,
496 924 605 965 haud
629 923 780 965 dubius
801 924 900 976 quin
930 935 1092 975 paucos,
1113 935 1185 975 per
1206 921 1499 975 neglegentiam

158 992 372 1035 amodum
386 1000 646 1043 transgressos
658 1002 827 1038 murum,
837 988 1070 1040 expulsurus
1081 989 1193 1037 soret,
1201 986 1501 1028 occurrentibus
1518 1003 1540 1039 9

159 1057 319 1113 pauidis
335 1057 552 1098 tumultum
569 1068 715 1107 augere
732 1068 804 1096 eos
822 1054 1010 1095 dictitans
1032 1061 1073 1095 et
1101 1052 1252 1094 maiora
1277 1066 1327 1094 ac
1352 1051 1502 1094 terribi-

160 1124 261 1166 liora
276 1135 374 1165 uero
390 1123 558 1171 adferre,
577 1129 791 1174 postquam
810 1118 1018 1172 conspexit
1037 1118 1177 1160 omnia
1190 1118 1296 1159 circa
1309 1117 1501 1171 Epipolas

158 1188 280 1232 armis
308 1188 521 1241 completa,
554 1185 740 1227 lace-sito
769 1193 924 1227 tantum
964 1185 1080 1226 hoste
1118 1183 1256 1238 paucis
1286 1182 1502 1226 missilibus

161 1262 268 1297 retro
284 1254 325 1295 in
346 1252 615 1294 Achradinam
635 1264 779 1304 agmen
798 1249 1008 1299 conuertit,
1025 1263 1108 1291 non
1128 1257 1210 1290 tarn
1229 1248 1314 1290 uim
1328 1249 1503 1291 multitu·
1522 1265 1561 1291 10

159 1318 380 1373 dinemque
398 1318 573 1359 hostium
594 1325 779 1358 metuens
795 1329 918 1369 quam
938 1329 990 1357 ne
1002 1328 1082 1368 qua
1102 1314 1290 1356 intestina
1308 1315 1414 1356 fraus
1430 1328 1503 1369 per

161 1385 415 1427 occ-dorm
432 1392 611 1426 oreretur
627 1384 864 1435 clausasque
883 1381 987 1422 inter
1005 1382 1224 1422 tumultum
1245 1380 1503 1423 Achradinae

159 1457 283 1505 atque
303 1450 465 1492 Insulae
483 1447 679 1489 inueniret
698 1455 843 1500 portas.
903 1446 1117 1488 Marcellus
1129 1455 1173 1487 ut
1186 1447 1347 1487 moenia
1358 1445 1502 1499 ingres-
1524 1455 1557 1479 ¹¹

160 1529 230 1575 sus
246 1529 297 1558 ex
313 1515 584 1569 superioribus
602 1513 702 1554 locis
721 1513 862 1554 urbem
873 1511 1056 1553 omnium
1071 1513 1194 1553 ferme
1207 1512 1272 1552 illa
1292 1519 1503 1563 tempesta·

160 1589 203 1625 te
222 1580 528 1636 pulcherrimam
548 1579 769 1622 subiectam
789 1578 917 1619 oculis
936 1578 1048 1628 uidit,
1071 1577 1340 1619 inlacrimasse
1358 1576 1503 1619 dicitur

161 1649 305 1702 partim
331 1646 480 1701 gaudio
508 1654 644 1687 tantae
668 1653 918 1699 perpetratae
940 1645 1011 1693 rei,
1029 1643 1172 1697 partim
1197 1652 1355 1684 uetusta
1378 1642 1503 1695 gloria

161 1712 283 1756 urbis.
339 1711 647 1754 Atheniensium
665 1711 813 1752 classes
827 1711 1034 1751 demersae
1047 1717 1088 1750 et
1107 1709 1190 1751 duo
1203 1710 1383 1762 ingentes
1398 1721 1504 1750 exer-
1524 1723 1560 1747 ιι

161 1778 267 1821 citus
282 1790 376 1820 cum
395 1777 557 1819 duobus
575 1775 803 1818 clarissimis
825 1775 998 1817 ducibus
1023 1774 1145 1817 deleti
1170 1773 1434 1815 occurrebant
1462 1780 1503 1815 et

163 1852 225 1886 tot
242 1843 348 1886 bella
364 1857 458 1885 cum
478 1841 873 1895 Carthaginiensibus
891 1848 1004 1881 tanto
1023 1854 1115 1881 cum
1135 1839 1365 1881 discrimine
1378 1847 1504 1892 gesta,

163 1917 225 1952 tot
251 1917 333 1952 tam
361 1908 541 1962 opulenti
571 1909 724 1960 tyranni
755 1920 957 1960 regesque,
989 1914 1143 1960 praeter
1176 1913 1330 1947 ceteros
1361 1905 1501 1955 Hiero,
1525 1916 1564 1949 ¹3

164 1989 259 2018 cum
277 1974 571 2017 recentissimae
587 1973 802 2015 memoriae
813 1985 891 2021 rex,
904 1980 989 2013 tum
1002 1980 1096 2013 ante
1109 1970 1246 2013 omnia
1261 1983 1366 2023 quae
1377 1969 1503 2012 uirtus

165 2041 202 2083 ei
221 2041 460 2093 fortunaque
477 2053 551 2081 sua
568 2040 734 2081 dederat
753 2037 959 2081 beneficiis
985 2037 1027 2078 in
1056 2038 1250 2091 populum
1271 2037 1501 2079 Romanum

166 2106 342 2160 insignis.
401 2106 462 2147 Ea
489 2118 581 2147 cum
616 2104 802 2146 uniuersa
827 2111 1079 2145 occurrerent
1107 2102 1244 2143 animo
1271 2102 1503 2155 subiretque
1523 2117 1563 2151 ¹⁴

210 2221 232 2253 5
255 2211 318 2245 nti
338 2208 413 2243 A’:
521 2209 633 2243 teneri
650 2208 839 2243 Boeeme
861 2219 930 2242 om.
946 2205 1221 2241 PcRuBDAN
1350 2216 1368 2248 7
1391 2206 1502 2241 lucem

169 2254 240 2289 <¹:¹2
268 2255 344 2289 luce
366 2252 429 2288 PC
501 2251 643 2286 BDAN
768 2253 798 2286 si
817 2262 917 2295 quam
939 2250 1232 2285 PCRMBDAN:
1256 2251 1286 2284 si
1306 2261 1373 2293 qun
1394 2249 1505 2285 Lache

255 2298 279 2351 β
304 2297 454 2341 Nascon]
470 2298 512 2340 (s.
528 2308 552 2332 e.
572 2307 625 2349 ορ.
648 2306 691 2331 ιο
800 2305 839 2330 ιο
862 2301 964 2337 atque
983 2295 1113 2329 insulae
1129 2294 1298 2328 inueniret
1315 2294 1505 2338 murini!

169 2338 826 2420 5531'5‘523021‘1‘52'201251552'433'
841 2350 1021 2417 mem
1031 2343 1101 2373 ω’·
1113 2338 1210 2417 ἵζ’,
1226 2347 1407 2425 <una-21¹²
1399 2338 1502 2415 253²}

169 2429 279 2473 albin)
296 2428 326 2463 C
327 2427 527 2463 ¹10⁸DA:
552 2434 623 2462 tum
638 2426 775 2461 Foru
1353 2469 1416 2503 ὅ.
