1664 2748
677 135 1005 187 PRAEFAno

172 268 355 302 memoro
372 255 564 300 willelmi
581 257 715 310 Vesey
738 253 853 311 (olim
872 252 1097 308 Lendrum)
1125 252 1281 308 insigne
1307 253 1511 303 auxilium,

170 322 244 379 qui
260 322 304 367 iu
321 323 483 366 schedis
493 321 788 377 typographicis
796 322 988 363 acerrime
1000 320 1252 375 perlegendis
1266 320 1366 362 nihil
1383 320 1512 374 tetigit

171 391 286 445 quod
312 403 397 433 non
426 397 496 431 aut
529 390 614 444 ipse
641 388 853 430 correxerit
878 395 950 430 aut
980 393 1027 429 ut
1058 386 1215 441 planius
1245 387 1418 429 facerem
1446 400 1513 428 me

173 455 444 511 irutigauerit5
471 456 551 497 boc
563 455 776 509 praecipue
794 452 864 495 ubi
884 466 954 494 cur
965 460 1107 495 contra
1126 452 1319 506 Madvigii
1336 451 1511 506 aliquam

173 523 457 572 coniecturam,
486 534 607 574 saepe
635 518 992 561 luculentissimam
1010 517 1240 573 Veseioque
1269 518 1345 572 ipsi
1372 518 1514 572 proba·

173 594 270 639 tam,
283 600 360 628 noa
369 594 505 628 tamen
516 585 704 627 codicum
715 584 928 626 lectionem
941 584 1058 626 tutari
1070 584 1156 627 ausi
1171 598 1361 634 essemuS,
1375 583 1514 626 lectori

174 653 357 696 nondum
382 652 479 693 satis
503 652 655 692 clarum
681 652 915 693 feceramus.
964 651 1015 692 In
1044 651 1121 692 hac
1152 652 1399 704 praefatione
1428 650 1515 703 ipsa

173 717 437 760 obscuritates
458 730 543 759 non
568 729 718 771 paucas
738 716 927 758 amolitus
952 724 1014 758 est
1036 729 1195 758 summa
1220 730 1294 757 sua
1317 715 1513 766 doctrina,

173 784 292 827 nolin
309 797 382 826 sua
399 785 589 825 comitate
606 784 760 836 collega
779 791 820 835 et
837 782 993 824 amicus
1006 783 1069 823 W.
1084 785 1131 824 Β.
1146 783 1374 824 Anderson.
1403 783 1513 823 Tum

174 850 372 893 beneficia
397 850 755 892 commemoranda
782 856 876 890 sunt
898 848 1181 890 Vniuersitatis
1210 847 1514 890 Mancuniensis

173 928 280 970 quae
296 924 338 958 et
351 923 511 969 tempus
530 929 704 957 uacuum
717 927 1010 968 nonnunquam
1024 913 1123 955 mihi
1142 923 1182 956 et
1201 915 1377 967 collegis,
1393 921 1434 955 et
1453 915 1515 955 his

174 982 340 1035 quidem
348 981 508 1036 saepius
520 981 902 1034 itinerisimpensam
914 979 1119 1034 largitaest
1125 981 1179 1021 ad
1186 980 1350 1021 codices
1357 979 1516 1021 Parisiis

176 1047 438 1102 Bambergiae
468 1046 635 1089 Monaci
668 1047 894 1088 Florentiae
928 1048 1088 1087 Romae
1120 1047 1324 1099 legendos.
1378 1045 1516 1087 Simile

174 1113 363 1156 auxilium
383 1112 610 1164 debuimus,
624 1114 750 1154 semel
767 1126 855 1166 ego,
876 1111 1035 1165 saepius
1054 1111 1240 1162 iuniores,
1254 1110 1516 1154 Curatoribus

175 1179 576 1233 StipisCravenianae
587 1177 975 1231 etCantabrigiensis
987 1185 1028 1219 et
1034 1176 1286 1220 oxoniensis.
1320 1179 1407 1219 Iam
1419 1190 1517 1219 uero

177 1244 576 1287 Bibliothecariorum
608 1244 833 1286 inlustrium
856 1243 1092 1285 inexhausta
1119 1245 1289 1285 comitas
1310 1243 1518 1285 reserenda

175 1311 451 1353 est—Parisiis
482 1310 650 1351 Henrici
670 1310 836 1359 Omont,
859 1309 1085 1350 Florentiae
1106 1308 1274 1350 Henrici
1293 1310 1514 1363 Rostagno,

176 1376 218 1418 in
235 1376 434 1419 Vaticano
458 1376 584 1417 Patris
608 1375 837 1417 Reuerendi
858 1376 1033 1428 Monsig.
1053 1377 1103 1416 A.
1127 1374 1308 1423 Mercati,
1330 1375 1518 1416 Bamber·

174 1442 264 1497 giae
282 1442 430 1484 Hansii
444 1442 620 1492 Fischer,
634 1441 824 1483 Londinii
844 1441 1018 1495 primum
1036 1442 1086 1481 D.
1100 1442 1147 1481 T.
1163 1440 1354 1491 13.w00d,
1368 1440 1517 1482 deinde

177 1508 380 1552 curatoris
405 1508 765 1561 manuscriptorum
790 1508 827 1560 J,
857 1509 899 1548 P.
929 1506 1085 1556 Gilson,
1109 1507 1318 1547 Mancunii
1349 1507 1516 1548 Henrici

177 1575 344 1629 Guppyf
391 1576 498 1616 Tum
519 1574 731 1629 praecipue
747 1587 841 1626 erga
853 1574 1043 1614 custodes
1063 1573 1165 1614 Preli
1188 1572 1512 1622 Clarendoniani,

177 1639 247 1694 qui
275 1642 551 1682 commentarii
576 1640 695 1681 buius
723 1638 870 1681 edendi
899 1652 1015 1688 onus,
1035 1639 1214 1691 pluribus
1240 1640 1293 1680 de
1310 1638 1454 1688 causis,
1475 1639 1517 1679 in

178 1706 295 1760 5349,
327 1709 390 1760 56,
419 1710 469 1760 65
500 1720 618 1760 supra
645 1705 845 1759 expositis,
875 1706 1046 1758 grauiter
1073 1712 1249 1753 auctum,
1270 1718 1517 1757 quamquam

178 1784 232 1814 ne
259 1772 313 1814 illi
339 1772 505 1827 quidem
524 1773 611 1814 sine
629 1771 757 1814 dubio
778 1771 925 1824 aliquo,
947 1770 1221 1812 liberalissime
1244 1778 1515 1823 susceperunt,

179 1837 298 1880 Liuio
316 1846 356 1881 et
376 1839 528 1880 Latinis
548 1838 686 1880 litteris
705 1852 775 1891 per
792 1837 932 1879 orbem
952 1844 1140 1878 terrarum
1163 1837 1369 1877 studentes
1387 1843 1517 1889 grates

178 1912 344 1954 nostras,
375 1913 418 1946 ut
455 1917 584 1958 spero,
618 1899 847 1956 intellegent
886 1901 1177 1955 iterabuntque.
1241 1902 1329 1942 Nec
1363 1899 1517 1943 minore

178 1982 299 2023 quarn
327 1978 446 2012 antea
471 1971 590 2011 laude
615 1969 804 2011 celebrari
831 1969 953 2010 debet
972 1981 1118 2020 operae
1138 1968 1267 2019 portio
1284 1965 1518 2008 difficillima

177 2048 204 2076 a
222 2035 326 2077 Preli
346 2036 464 2077 buius
481 2043 704 2077 correctore
723 2044 880 2084 nauata,
900 2033 1015 2074 cuius
1034 2034 1120 2074 sine
1139 2032 1286 2074 auxilio
1310 2032 1515 2082 acerrimo,

180 2101 391 2154 praecipue
421 2101 460 2142 in
490 2101 620 2142 Libris
648 2101 749 2141 XXI
776 2108 815 2142 et
844 2100 985 2149 XXII,
1013 2099 1266 2141 difficultates
1293 2097 1371 2138 iam
1398 2105 1518 2139 antea

180 2163 373 2207 indictus
392 2166 458 2207 uix
477 2180 661 2220 superare
679 2165 910 2220 potuissem.

1068 2239 1115 2279 R.
1147 2240 1186 2280 S.
1216 2236 1462 2280 CONWAY

224 2304 361 2339 Duum
383 2305 605 2348 lVeIh'ngtom'i
618 2304 735 2338 Nouae
748 2303 948 2338 Zealande'ae

423 2361 472 2394 ld.
485 2359 600 2394 Sam.
623 2362 715 2403 πφδ.

809 2489 893 2527 xxix
