1664 2748
266 508 700 561 PRAEFATIO
743 507 849 559 AD
889 507 1297 559 LECTOREM

159 642 266 696 ξω.
293 643 418 684 Anno
449 655 552 694 ¹9¹⁴
575 654 670 683 cum
697 641 857 683 Tertiae
881 641 1056 683 Decadis
1080 642 1263 684 edendae
1284 641 1451 683 consilia

106 720 270 750 mecum
293 707 525 749 Waltenius
557 706 695 758 inibat,
724 709 917 749 conuenit
942 706 1045 749 inter
1068 720 1143 748 nos
1170 706 1280 758 mihi,
1311 715 1451 761 utpote

107 772 246 816 multin
271 772 360 815 aliis
386 772 528 815 officiis
556 780 643 815 tum
671 772 888 826 implicato,
911 773 954 816 id
977 780 1136 815 tantum
1166 773 1299 815 oneris
1330 773 1452 815 susci-

66 858 82 874 ·
106 838 303 894 piendum
313 852 403 882 esse
420 847 465 881 ut
482 840 672 881 codicum
687 840 914 881 Florentiae
928 846 970 881 et
981 838 1264 892 cantabrigiae
1277 848 1451 881 seruato-

108 917 200 957 rum
211 904 430 948 lectiones
418 917 505 958 ipse
524 905 804 958 perquirerem,
821 914 1046 947 ceterorum
1062 919 1128 947 me
1141 913 1201 947 sat
1216 906 1449 947 familiarem

109 970 284 1012 facerem
302 978 347 1012 ut
366 971 407 1011 in
426 971 685 1012 decernendo
703 971 803 1024 quid
828 973 868 1012 in
888 984 1055 1025 quoque
1078 973 1170 1013 loco
1193 971 1449 1013 scribendum

61 1072 72 1085 ,
110 1043 218 1078 esset
236 1035 430 1078 iudicium
449 1049 533 1077 non
552 1038 721 1078 omnino
739 1038 839 1078 rude
862 1051 956 1078 cum
984 1039 1053 1079 illo
1075 1038 1254 1079 conferre
1277 1049 1450 1090 possem.

112 1102 273 1143 Horum
293 1113 391 1143 ueto
409 1103 784 1143 annorum-fortuna
804 1103 976 1156 superbe
995 1102 1114 1144 nobis
1139 1116 1222 1153 usa,
1243 1103 1343 1144 baec
1357 1116 1450 1144 con-

109 1166 199 1209 silia
215 1167 481 1209 conturbnuit.
541 1168 750 1209 Waltersio
768 1168 876 1209 enim
894 1168 1114 1221 contigerat
1129 1168 1292 1221 quidem
1308 1175 1351 1209 ut
1365 1167 1451 1221 ipse

107 1240 150 1275 et
160 1232 280 1274 trium
292 1234 479 1275 codicum
487 1234 683 1283 (Puteani
700 1234 924 1276 Colbertini
941 1233 1209 1287 Agennensis)
1223 1233 1452 1276 testimonia

106 1297 311 1352 colligeret
344 1307 384 1341 et
417 1299 699 1341 adnotationes
732 1309 889 1341 nostras
920 1300 1127 1341 communi
1158 1299 1328 1342 consilio
1357 1312 1451 1341 oon·

106 1364 231 1407 tectas
259 1377 386 1418 prope
415 1366 467 1406 ad
504 1365 684 1414 ultimam
722 1367 888 1407 sormam
921 1365 1183 1419 prelatoribus
1213 1366 1448 1407 tradendam

105 1429 326 1472 elaboraret
344 1445 356 1480 ;
383 1432 456 1472 sed
475 1430 555 1472 iam
572 1432 667 1473 inde
681 1430 736 1473 ab
749 1440 901 1473 aestate
914 1432 1010 1472 anni
1032 1446 1130 1483 ¹9²¹
1151 1431 1450 1484 ingrauescente

107 1495 340 1538 ualetudine
366 1510 527 1550 pressus
555 1505 616 1538 est
647 1511 775 1550 usque
801 1499 856 1539 ad
885 1507 1065 1548 mortem,
1086 1510 1191 1550 quae
1220 1510 1357 1538 mense
1383 1497 1450 1538 de·

108 1575 221 1603 mum
242 1562 391 1604 Martio
408 1562 503 1604 anni
531 1576 631 1615 ¹9²7
652 1565 829 1616 corporis
845 1564 962 1604 buius
978 1563 1129 1616 laqueis
1143 1563 1321 1604 animum
1338 1562 1449 1603 illum

106 1628 346 1670 acerrimum
383 1636 426 1670 et
462 1629 792 1670 candidissimum
833 1629 1026 1671 liberauit.
1084 1628 1196 1670 Nihil
1230 1628 1346 1681 igitur
1384 1628 1450 1669 ille

106 1693 279 1748 amplius
299 1695 428 1735 facere
448 1695 576 1747 potuit
597 1709 717 1748 quam
736 1698 941 1736 materiam
957 1708 1071 1736 suam
1085 1708 1247 1736 omnem
1265 1693 1450 1735 liberalis·

106 1759 207 1802 sime
235 1759 335 1801 mihi
362 1762 615 1811 concredere,
648 1761 689 1802 id
721 1769 877 1802 tantum
910 1770 1092 1814 precatus
1123 1769 1166 1801 ut
1195 1759 1229 1801 si
1261 1759 1360 1812 quid
1393 1758 1449 1800 ibi

106 1832 278 1868 erratum
297 1834 403 1867 oeset
422 1826 507 1880 ipse
528 1827 830 1879 corrigerem—⁴
850 1828 1011 1869 comet
1027 1827 1088 1866 the
1112 1826 1290 1866 mistakes
1305 1826 1325 1865 ’.
1383 1824 1449 1866 Sic

108 1889 206 1932 mihi
244 1890 317 1933 soli
355 1891 530 1933 restabat
562 1892 736 1934 officium
770 1892 888 1933 huius
926 1892 1048 1934 Tomi
1086 1890 1367 1932 adnotationes
1394 1891 1447 1932 ad

108 1957 229 1998 finem
248 1957 494 2010 perducendi
514 1966 554 1999 et
576 1958 615 1998 in
636 1959 768 1999 luoem
789 1958 950 2000 edendi.
1014 1960 1108 1998 Hoc
1129 1970 1224 1997 uero
1240 1970 1384 1997 munus
1404 1965 1447 1997 ut

109 2020 279 2064 libenter
289 2024 457 2076 suscepi,
474 2024 624 2076 duplici
641 2025 788 2076 pietate
804 2025 1014 2065 instinctus
1027 2031 1067 2065 et
1081 2022 1183 2063 Liuii
1200 2030 1238 2063 et
1252 2021 1445 2063 Waltersii

108 2098 242 2136 etun,-
266 2086 321 2128 ita
346 2087 624 2130 difficillimum
652 2089 800 2131 inueni.
860 2090 1075 2131 Neminem
1103 2089 1210 2130 enim
1238 2088 1356 2140 fallet,
1377 2087 1445 2140 qui

107 2152 273 2204 quidem
293 2151 334 2192 in
353 2160 437 2193 arte
457 2154 591 2195 critica
610 2155 831 2196 exercenda
851 2156 915 2196 uel
937 2156 1142 2195 minimam
1163 2152 1444 2206 experientiam

108 2216 266 2265 habeat,
279 2225 474 2269 quantum
496 2219 536 2259 in
557 2232 802 2272 unoquoque
823 2229 1000 2261 nostrum
1023 2221 1247 2272 discrepent
1266 2231 1291 2259 a
1310 2218 1446 2271 primis

106 2281 271 2323 ultimae
298 2282 571 2334 cogitationes,
602 2287 830 2337 praesertim
861 2294 946 2326 tum
978 2298 1070 2325 cum
1099 2285 1248 2338 priores
1282 2284 1371 2325 illae
1406 2286 1444 2325 in

106 2347 267 2389 schedis
287 2348 451 2388 tandem
472 2349 711 2400 prelatorum
730 2360 826 2392 ante
845 2351 995 2399 oculos,
1019 2357 1062 2392 ut
1081 2350 1135 2392 ita
1153 2350 1297 2398 dicam,
1314 2350 1445 2391 nudae

107 2412 274 2456 iaceant.
299 2416 427 2457 Cures
443 2427 539 2456 uero
554 2416 626 2457 bns
637 2418 834 2459 secundas
849 2430 923 2459 nec
938 2416 1145 2459 Waltersio
1160 2417 1233 2471 ipsi
1248 2424 1445 2470 praestare

767 2494 793 2524 v
