1716 2730
556 132 631 173 AB
658 130 814 174 VRBE
841 130 1107 174 CONDITA
1308 132 1458 175 XXIII
1478 143 1506 175 8
1523 140 1546 175 ⁶

161 241 245 286 mh
271 241 436 285 haberet
465 241 668 295 filiamque
696 242 871 284 Romam
891 250 1062 295 nuptum
1086 243 1143 284 Μ.
1168 242 1285 285 Liuio
1303 243 1482 287 dedisset
1495 259 1508 295 ς

160 314 339 351 ceterum
369 307 559 350 maiorem
587 308 716 349 multo
743 321 826 350 rem
857 307 1064 361 magisque
1089 307 1310 350 timendam
1336 309 1482 352 instare
1494 324 1508 360 3

161 385 246 416 non
263 375 372 416 enim
393 387 464 428 per
476 372 745 416 desectionem
764 373 817 415 ad
837 374 1059 415 tollendum
1078 386 1127 415 ex
1141 375 1303 416 ciuitate
1323 384 1505 417 senatum
1526 383 1544 419 7

161 439 323 493 plebem
342 447 522 493 spectare
541 440 614 481 sed
633 452 704 492 per
721 439 889 481 eaedem
909 447 1072 481 senatus
1091 453 1260 481 uacuam
1282 454 1364 482 rem
1380 441 1508 494 publi-

161 517 251 547 etm
285 506 440 548 undere
479 505 702 547 Hannibali
731 518 781 547 ac
819 504 966 548 Poenis
999 507 1132 556 uelle;
1173 519 1224 548 eo
1252 519 1296 549 se
1329 507 1506 560 periculo
1524 515 1545 548 8

162 582 282 624 pone
308 570 476 612 liberare
501 583 573 613 eos
604 570 639 612 si
668 570 900 624 permittant
928 571 1005 613 sibi
1033 579 1074 613 et
1102 572 1364 613 certaminum
1395 572 1435 613 in
1465 586 1507 615 re

161 635 324 691 publica
340 635 455 678 obliti
474 637 801 687 credant,—cum
817 650 960 679 omnes
975 636 1071 679 uicti
1092 645 1201 679 metu
1220 639 1504 691 permitterent,

163 701 371 744 ‘ehudam
383 703 394 722 ’
412 701 542 755 inquit
564 702 627 744 ‘in
645 702 756 744 curia
774 715 848 744 uos
866 710 918 752 et,
941 711 1148 756 tamquam
1173 710 1214 745 et
1240 703 1326 757 ipse
1344 704 1505 757 cogitati
1523 716 1545 750 9

161 766 348 809 heimoris
374 767 584 821 particeps,
604 767 868 822 approbando
896 768 1066 810 consilia
1084 769 1232 822 quibus
1261 770 1506 822 nequiquam

159 833 392 876 aduanoer
419 834 527 875 uiam
558 833 676 875 saluti
710 842 865 875 uestrae
902 833 1118 876 inueniam.
1178 836 1228 876 In
1259 835 1338 876 hoc
1369 835 1503 885 fidem,

160 912 284 954 quam
302 899 422 941 uoltis
442 899 528 953 ipsi,
542 899 737 953 accipite!
779 899 879 942 Fide
892 901 988 942 data
1005 914 1187 953 egressus
1205 900 1339 942 claudi
1353 901 1503 942 curiam
1526 915 1567 940 ιο

161 965 274 1008 iubet
310 965 632 1019 praesidiumque
663 965 705 1007 in
738 966 940 1008 uestibulo
972 966 1159 1020 relinquit
1192 980 1245 1008 ne
1272 966 1363 1020 quis
1393 966 1506 1009 adire

160 1031 312 1074 curiam
331 1031 483 1073 iniussu
502 1045 578 1073 suo
596 1044 700 1072 neue
719 1031 814 1074 inde
832 1033 967 1085 egredi
986 1032 1123 1086 possit.

215 1098 324 1139 Tum
352 1105 498 1139 uocato
524 1098 578 1139 ad
605 1097 837 1140 contionem
866 1099 1019 1151 populo
1045 1099 1179 1151 ‘quod
1207 1099 1351 1151 saepe'
1376 1098 1504 1151 inquit
1521 1106 1549 1147 3

120 1194 145 1211 .
164 1162 365 1216 ‘optastis
404 1162 613 1215 Campani,
653 1170 698 1204 ut
735 1162 919 1216 supplicii
959 1164 1145 1206 sumendi
1186 1162 1303 1205 uobis
1345 1176 1393 1204 ex
1436 1165 1506 1204 im-

161 1229 292 1284 probo
327 1242 376 1271 ae
402 1228 629 1271 detestabili
666 1237 809 1270 senatu
842 1237 1018 1282 potestas
1050 1238 1166 1279 esset,
1196 1243 1286 1271 eam
1320 1243 1403 1270 non
1436 1242 1506 1282 per
1526 1243 1543 1266 2

161 1296 379 1337 tumultum
406 1302 680 1349 expugnantes
707 1296 853 1337 domos
884 1295 1142 1348 singulorum,
1169 1308 1269 1348 quas
1298 1294 1504 1349 praesidiis

160 1361 367 1404 clientium
386 1374 673 1414 seruorumque
692 1368 864 1410 tuentur,
881 1374 974 1402 cum
990 1374 1150 1402 summo
1164 1369 1298 1402 uestro
1313 1360 1503 1414 periculo,

160 1427 235 1470 ned
252 1434 380 1469 tutam
402 1426 559 1468 habetis
583 1439 631 1468 ac
657 1426 848 1475 liberam;
878 1427 1038 1467 clausos
1056 1439 1198 1467 omnes
1218 1426 1259 1467 in
1279 1426 1387 1467 curia
1405 1427 1506 1467 acci·

161 1495 254 1548 pite,
270 1494 390 1544 solos,
407 1493 589 1535 inermes.
636 1493 724 1534 Nec
743 1492 959 1545 quiequam
981 1491 1124 1545 raptim
1148 1500 1217 1533 aut
1237 1493 1337 1533 forte
1357 1500 1505 1533 temere
1524 1500 1543 1533 3

160 1558 344 1613 egeritis„
369 1560 422 1600 de
441 1558 685 1613 singulorum
706 1557 838 1611 eapite
858 1557 975 1599 uobis
991 1557 1052 1598 ius
1068 1557 1290 1599 sententiae
1309 1557 1506 1599 dicendae

162 1624 317 1675 faciam,
347 1632 391 1666 ut
418 1637 519 1678 quas
547 1626 717 1678 quisque
749 1622 912 1665 meritus
945 1631 1005 1664 est
1039 1636 1190 1676 poenas
1220 1624 1370 1676 pendat
1382 1637 1395 1672 ς
1432 1624 1504 1664 sed
1523 1632 1545 1663 4

161 1700 256 1733 ante
283 1690 419 1733 omnia
447 1692 502 1731 ita
527 1704 601 1731 uos
626 1691 707 1732 irae
734 1689 941 1743 indulgere
968 1697 1140 1741 oportet,
1159 1697 1204 1729 ut
1229 1690 1424 1742 potiorem
1450 1690 1506 1730 ira

162 1756 331 1798 salutem
349 1764 471 1809 atque
491 1756 700 1797 utilitatem
720 1765 892 1797 uestram
919 1754 1110 1796 habeatis.
1171 1753 1332 1795 Etenim
1354 1754 1439 1803 hos,
1461 1762 1505 1795 ut

162 1821 316 1875 opinor,
336 1821 478 1863 odistis
497 1830 712 1870 senatores,
742 1834 825 1862 non
852 1830 1035 1862 senatum
1061 1821 1230 1861 omnino
1255 1819 1402 1860 habere
1421 1832 1504 1860 non

163 1887 310 1938 uoltis;
345 1887 495 1941 quippe
534 1896 603 1928 aut
646 1900 724 1936 rex,
763 1887 875 1940 quod
913 1885 1244 1934 abominandum,
1283 1893 1365 1934 aut,
1392 1886 1504 1938 quod
1523 1894 1542 1928 5

163 1965 288 1994 unum
314 1952 462 1995 liberae
485 1952 657 1994 ciuitatis
685 1952 897 1994 consilium
921 1961 992 2000 est,
1015 1961 1176 1994 senatus
1200 1952 1411 1993 habendus
1430 1959 1502 1994 est.

165 2018 308 2072 Itaque
334 2019 440 2060 duae
467 2032 529 2060 res
556 2018 675 2060 simul
703 2019 883 2071 agendae
911 2018 1029 2060 uobis
1058 2026 1162 2066 sunt,
1192 2025 1235 2058 ut
1260 2026 1300 2059 et
1327 2025 1502 2058 ueterem

162 2111 678 2191 &mmm-13:5⁹²
694 2110 1342 2190 ω”ὲᾟέἓὲἳίόἰὶῗῖἲῖξῖἔέ..
1363 2109 1499 2196 ξιξ*

168 2200 393 2287 ωδΐῗὴέιῖἱίέ
409 2199 609 2278 Ἑκοένὲ.
626 2200 768 2287 {cynigisso}
779 2199 972 2286 ᾕκὲιοίι
976 2254 1006 2276 m
1032 2242 1286 2283 PCRMD‘M,
1303 2242 1342 2285 θ’.
1360 2253 1385 2277 e.
1356 2241 1494 2318 ..1433

381 2299 403 2330 3
425 2298 509 2329 qun
524 2287 570 2322 C
572 2287 703 2320 M¹A¹=
725 2298 791 2330 qua
807 2286 1015 2321 PCRMDA
1106 2297 1159 2319 me
1139 2286 1247 2319 crima
1262 2285 1337 2320 dm.

163 2298 260 2366 βιοῖ
275 2341 381 2375 1335τ
404 2333 581 2366 temeritas
595 2331 677 2366 PC:
700 2333 864 2366 emeritus
880 2331 929 2365 P·
933 2330 976 2364 C¹
982 2330 1107 2365 RDA:
1134 2330 1359 2373 peremeritua
1356 2285 1502 2371 affimat·

154 2369 507 2423 M.r'nP1‘,—u.e.
524 2380 669 2415 limum
688 2379 873 2414 ‘racem-m
889 2386 984 2413 emm
985 2391 1083 2413 aem
1103 2380 1189 2414 tim
1208 2384 1240 2414 et
1307 2383 1379 2413 neh
1397 2384 1500 2422 eum

154 2380 512 2467 advo—“21:350
644 2434 666 2467 5
688 2426 867 2459 eonsilium
884 2424 1112 2458 PCRMDA:
1135 2424 1216 2457 delet
1261 2424 1390 2467 [reygers
